2708 4666
394 229 544 294 onorio
566 232 623 295 ΑΙ)
646 231 841 297 edisces,
1131 234 1170 302 81

70 407 113 462 tor
131 398 296 462 eidoienti
339 402 502 472 Quomodo
523 408 626 464 antem
647 407 701 482 qui
720 408 823 466 morto
843 407 1017 470 miserrime
1031 414 1172 474 mortuos

65 514 109 571 ost
129 512 251 591 poterit
273 512 314 573 ad
335 513 468 573 alieuius
491 514 643 575 ultionem
665 531 795 593 oporam
819 519 964 578 navaret
1005 519 1073 580 lioo
1092 524 1174 583 enim

62 623 86 681 si
107 623 154 682 ita
178 623 286 699 esset,
308 622 405 683 multo
425 624 526 700 magis
550 640 570 684 a
590 640 627 684 se
651 624 723 701 ipso
748 622 911 704 proprium
927 628 1080 691 inimiouno
1095 648 1175 708 pro·

59 732 233 808 palsarst5·
252 747 324 793 uam
346 733 399 808 qni
425 748 516 809 opem
537 734 629 793 etiem
653 734 726 794 aliis
749 734 835 796 torre
858 738 968 814 potest
989 739 1087 799 multo
1106 755 1176 800 me·

57 842 103 917 gis
125 842 180 902 sui
204 841 305 919 ipsius
327 840 444 900 vindex
472 842 542 901 erit.

138 953 195 1011 18.
222 950 401 1011 Medioendi
434 952 539 1011 eutem
563 951 648 1012 ratio
681 955 715 1013 ot
745 954 896 1030 quidquid
924 972 964 1015 ea
997 958 1177 1018 oontinetor

56 1061 198 1121 eiusdem
221 1061 274 1120 ost
296 1058 431 1121 artidoii.
473 1059 550 1120 Nam
577 1061 605 1121 si
626 1063 696 1138 quis
720 1061 852 1124 materiei
873 1068 1017 1143 curetur,
1045 1067 1075 1125 si
1096 1082 1175 1128 oon-

57 1172 167 1251 ddeus,
196 1168 298 1231 multo
320 1170 421 1247 magis
444 1170 605 1231 ourubitur
627 1171 656 1231 si
685 1173 727 1231 ad
755 1176 947 1249 potestatem
979 1176 1032 1236 dei
1059 1176 1176 1238 eonio-⁵

56 1281 129 1357 giat.
191 1279 456 1349 Quemadmodum
484 1281 565 1341 enim
600 1296 639 1340 ea
670 1297 752 1357 ques
784 1285 899 1343 nocent
928 1287 1174 1362 compositiones

57 1392 128 1449 sunt
149 1388 354 1465 materiales,
394 1389 441 1450 sio
463 1391 557 1450 etism
589 1407 670 1466 quse
701 1392 814 1450 sanant
846 1392 987 1452 eiusdem
1019 1398 1093 1454 sunt
1114 1413 1178 1456 ue«

57 1502 156 1559 turae.
199 1498 320 1568 Quodsi
340 1497 532 1560 deteriorem
558 1501 720 1561 materiam
741 1516 940 1562 recusamus:
970 1517 1068 1579 saepe
1093 1520 1174 1562 non-

57 1609 134 1669 nulii
155 1608 253 1669 etiam
275 1624 336 1686 per
363 1609 467 1669 maiae
495 1609 628 1670 alieuius
656 1611 705 1669 rei
735 1627 803 1671 oum
832 1612 896 1671 elia
927 1611 1178 1673 ooniunotionem

58 1718 176 1778 mederi
197 1720 369 1796 mouentur,
407 1721 440 1778 ot
463 1719 554 1779 malis
576 1720 617 1780 sd
641 1721 753 1782 bonnm
772 1722 909 1781 utentur.
966 1720 1174 1791 Quemadmo-

59 1829 128 1889 dum
151 1831 258 1889 autom
278 1828 381 1906 isqui
406 1845 475 1890 oum
504 1829 630 1890 latrone
664 1831 828 1908 coenavit,
866 1831 990 1891 etiamsi
1016 1833 1087 1909 ipso
1112 1849 1174 1893 non

59 1939 100 1996 sit
123 1937 229 2015 latro,
265 1939 369 1999 temon
396 1940 468 2015 quis
491 1941 677 2000 oouvivstos
710 1941 760 2001 ost
789 1955 912 2017 poenae
936 1942 971 2000 ot
1000 1942 1174 2020 pertioeps,

60 2047 104 2108 sio
126 2048 181 2125 qui
202 2063 267 2108 mon
288 2049 340 2109 est
358 2050 477 2126 malus,
512 2049 571 2109 sed
591 2066 660 2111 oum
685 2066 725 2110 eo
751 2050 835 2125 qood
860 2049 973 2109 malum
997 2052 1048 2108 est
1067 2050 1175 2126 impli-

60 2159 163 2236 cetur,
202 2173 243 2218 eo
264 2158 303 2220 ed
325 2160 485 2238 opinatum
514 2159 628 2220 bouum
659 2163 762 2235 utens,
805 2161 939 2235 proptor
959 2159 1174 2220 oommeroium

64 2512 209 2582 copuletur,
251 2510 278 2566 oi
311 2526 359 2581 pro
386 2510 414 2566 ei
439 2511 600 2566 scribendum
636 2512 700 2580 Quia
730 2517 814 2565 eutem
846 2526 923 2581 saepe
952 2510 1029 2564 flebat
1052 2513 1081 2562 ut
1105 2511 1173 2563 eius-

65 2613 128 2650 esse:
147 2613 214 2668 quae
227 2597 329 2667 φιίἀοηι
344 2596 420 2651 lectio
434 2597 539 2651 tolerari
548 2613 601 2651 non
635 2597 702 2650 modi
718 2612 771 2665 res,
790 2596 821 2652 sd
835 2596 1041 2651 dissimulandum
1053 2600 1079 2649 et
1089 2594 1175 2649 oemul-

67 2688 152 2750 ootesi.
188 2684 291 2738 cneori
309 2682 438 2737 editores:
469 2682 497 2737 ot
522 2680 599 2737 oi...
634 2682 738 2736 tendum
756 2683 849 2751 meins,
870 2700 927 2738 com
952 2683 1009 2737 eliis
1033 2682 1112 2736 reios
1128 2696 1175 2735 sss

67 2765 296 2847 παραιτούμενοι·
324 2765 460 2831 πολλάκις
476 2764 530 2839 γὰρ
549 2765 600 2822 daei
635 2774 726 2838 sponte
751 2768 782 2822 ad
804 2784 897 2837 aegros
927 2768 1047 2822 levandos
1069 2767 1174 2820 utilibus

11 2864 13 2871 '
68 2872 88 2904 τ.
107 2850 156 2923 s‘m'
181 2852 281 2922 ἕτερον
308 2856 366 2909 sois
389 2858 601 2918 seteis...soIe
634 2855 860 2921 coniungerentur,
887 2870 920 2908 ne
945 2853 1101 2922 sicquidem
1119 2869 1172 2906 ma-

69 2945 156 3004 sotoie
180 2942 260 3011 (oue.
286 2946 346 2994 ruis
363 2943 477 2995 aeaeis.
491 2980 498 2994 .
514 2981 521 2994 .
538 2947 600 3004 τοῖς
634 2941 703 3006 giooo
721 2941 877 3007 operationis
894 2940 992 2992 crimen
1004 2939 1094 2992 evitari
1110 2952 1173 3006 pro-

70 3022 466 3096 ιασῖς)...κὰιαχρήσοηαι.
490 3029 598 3081 Wortho
633 3026 762 3078 nuntiat.“

71 3110 129 3167 lomi
153 3115 188 3167 ita
213 3113 315 3167 videtur
340 3112 529 3167 restituendos:
546 3152 552 3165 .
568 3151 597 3166 ..
701 3109 726 3162 3.
748 3105 791 3177 δὲ]
813 3108 878 3162 iios.
897 3104 929 3161 ei
947 3100 972 3160 ὁ.
986 3136 1021 3147 -
1038 3105 1079 3159 Ad
1095 3105 1172 3157 rerba

25 3224 30 3235 ·
71 3198 109 3266 oio
124 3197 214 3268 sitnia
230 3193 412 3262 ὑποστάσεως
431 3195 506 3254 ioris
526 3199 597 3266 sidu,
632 3194 748 3264 proxima
773 3193 888 3246 scholion
913 3193 941 3245 in
966 3207 1047 3256 marg.
1070 3191 1130 3243 Par.
1156 3189 1178 3242 1·

72 3282 114 3351 τήν
134 3285 315 3355 φαυλοτέραν
341 3278 414 3354 ὅλην
437 3282 597 3351 παραιτού-
634 3277 787 3330 111111ῠί1111
811 3278 857 3343 (oi.
881 3292 904 3330 ο.
931 3276 973 3330 10.
996 3291 1023 3331 11.
1042 3275 1104 3342 11):
1128 3270 1173 3330 Off

71 3386 136 3433 m.
151 3402 187 3412 -
228 3373 364 3425 Manuos:
396 3370 521 3439 „Videtur
548 3371 598 3423 'l's-
632 3358 691 3429 μήν
708 3355 779 3416 dud
794 3360 843 3415 asi
862 3355 878 3416 ὁ
897 3357 998 3430 Serio
1017 3355 1097 3430 ἡμῶν
1110 3365 1173 3426 τοῖς

71 3455 140 3511 timus
166 3459 311 3511 motorium
333 3458 492 3510 memorem
519 3455 598 3508 intel·
634 3441 810 3516 ἇμαρτωλοῖς
827 3443 1043 3533 umossoiootso.

70 3539 136 3608 lisere
162 3557 216 3597 uon
240 3557 294 3595 eam
320 3542 392 3595 ouius
418 3545 525 3594 naturae
550 3541 597 3593 sii·
700 3532 726 3588 d.
754 3530 850 3607 τρόπῳ
883 3535 923 3608 τῷ
949 3527 1039 3604 uisui]
1069 3533 1112 3587 Sic
1138 3547 1172 3588 ex

70 3628 117 3694 uod
133 3628 198 3684 insit
215 3627 271 3680 vitii
289 3626 447 3694 (mindunien
459 3641 511 3678 uon
525 3641 599 3679 orea-
633 3618 733 3676 Pano
756 3622 784 3672 et
808 3619 827 3674 2
851 3620 963 3690 reposui.
1009 3618 1078 3673 diditi
1101 3620 1171 3687 (oum

68 3715 140 3769 nme
166 3712 226 3783 deo,
258 3712 323 3765 nihii
348 3726 400 3765 non
421 3712 515 3765 bouum
541 3726 599 3765 osse
632 3705 714 3774 sris.)
732 3703 781 3760 aei
798 3704 900 3760 sddunt.
942 3706 1001 3758 Aet.
1026 3701 1122 3778 soriam
1139 3701 1171 3760 oi

65 3801 129 3867 moto
148 3804 222 3855 antea
241 3798 382 3865 monebat),
399 3797 598 3864 eudemones,
633 3787 711 3860 edes
731 3785 832 3847 sotori
851 3783 1016 3861 ([11οὸ)μὴ
1037 3794 1100 3843 oto..
1136 3804 1144 3817 “

65 3901 112 3939 cam
128 3902 175 3940 sua
193 3889 287 3954 sponte
304 3883 367 3935 nihil
380 3883 469 3936 adorsi
482 3881 512 3934 ad
528 3895 598 3934 mor·
700 3877 726 3930 5.
742 3873 775 3930 ad
793 3895 817 3930 s.
836 3874 935 3946 aetio]
949 3875 1028 3930 codd.
1043 3877 1102 3929 meti
1120 3871 1171 3929 τὸν

63 3969 266 4035 dimotionem,
290 3969 346 4021 sino
364 3968 547 4036 superstitione
568 3981 597 4018 so
632 3981 657 4015 s.
683 3959 780 4015 susos.
834 3962 877 4015 Sio
903 3962 980 4016 etium
1005 3960 1117 4014 Gesner.
1144 3965 1171 4013 et

59 4058 164 4125 umiae
185 4054 342 4125 operstioois
360 4052 466 4106 crimine
480 4052 512 4105 sd
526 4066 597 4104 mor·
630 4045 754 4112 Heroid.;
778 4061 927 4116 quumqusm
945 4047 988 4100 ilie
1005 4045 1170 4098 inversione

58 4142 100 4196 ios
123 4139 253 4196 corrado·
281 4137 397 4192 adhiberi
426 4150 478 4191 nou
500 4141 596 4208 potest.
630 4134 722 4190 mio:
752 4147 836 4202 coqu
860 4134 897 4188 od
921 4132 1019 4186 donem
1040 4134 1072 4184 st
1085 4132 1169 4196 psus

89 4229 168 4297 Coro.
188 4223 277 4297 spon
301 4223 357 4278 Vei.
383 4223 426 4276 Vi.
935 4216 957 4280 6
