2708 4666
456 207 607 271 onemo
629 208 688 270 An
709 207 906 274 emeda.
997 215 1004 231 ’
1197 212 1241 279 77

126 378 241 440 ostano
261 375 422 456 gloriatur
451 377 504 440 die
525 382 801 444 ooneummationie
836 382 903 461 igni
929 383 1148 464 depaeoendua
1168 387 1238 450 tra·¹

123 489 222 550 detur.
267 487 336 549 Voa
359 503 501 567 quoque,
537 489 601 551 niai
624 490 722 552 risum
743 491 915 572 desinentia,
954 495 1064 556 eadem
1092 513 1131 558 uo
1154 498 1238 576 magi

121 597 279 676 aapplioia
304 596 412 657 luetis.
461 598 631 678 Quooirea,
659 598 790 679 (iraeoi,
823 603 913 664 velut
939 619 981 663 ex
1005 604 1079 665 loeo
1109 606 1237 668 exoeiao

120 708 307 770 ahmantem
331 723 382 767 me
407 708 529 785 audite,
563 724 622 769 nee
644 708 860 772 eaohinnando
886 714 1024 773 vestram
1051 715 1237 776 dementiam

119 818 149 877 in
171 832 366 896 praeeonem
390 818 536 878 veritatis
564 817 746 880 transferte.
796 820 926 881 Morbus
948 838 1011 883 non
1030 823 1157 884 tollitur
1178 840 1238 902 per

119 927 276 988 oomltam
302 926 549 1005 dissensionem,
581 944 641 989 neo
666 928 806 992 inrioauo
827 929 986 1009 pellioulia
1008 934 1160 1010 appensio
1180 951 1237 995 ou·

118 1039 215 1097 ratur.
258 1034 453 1098 Daemonum
478 1039 552 1098 aunt
568 1039 809 1117 aggressiones:
837 1043 872 1101 et
892 1039 946 1117 qui
963 1044 1113 1119 aegrotat
1131 1045 1166 1103 et
1183 1045 1237 1122 qui

118 1163 225 1207 amaro
243 1161 282 1206 ae
304 1146 398 1224 dioit,
422 1149 457 1207 et
477 1147 531 1223 qui
556 1148 624 1208 odit
643 1151 677 1209 et
698 1150 752 1226 qui
774 1150 883 1211 uloiaoi
906 1150 1002 1228 eupit,
1026 1151 1088 1213 hoa
1108 1153 1237 1231 eupiunt

118 1257 292 1317 adiutores.
343 1255 456 1317 diodus
475 1257 580 1317 antem
603 1256 843 1319 machinationis
872 1274 979 1320 eorum
1001 1261 1048 1321 aio
1069 1277 1105 1322 aa
1129 1260 1235 1322 habet

119 1365 383 1436 Quemadmodum
406 1365 488 1425 enim
507 1365 672 1427 literarum
694 1367 826 1445 figurae,
857 1368 891 1427 at
913 1383 1027 1428 varana
1053 1371 1107 1445 qui
1130 1387 1173 1430 ex
1194 1370 1235 1433 iie

119 1476 275 1554 onustant,
305 1491 368 1535 non
396 1476 531 1553 possunt
558 1492 618 1554 per
645 1491 684 1538 ae
701 1476 736 1537 id
760 1477 845 1553 quod
867 1477 1064 1553 oomponitur
1086 1478 1236 1556 iudieare,

119 1585 177 1646 aad
200 1584 267 1646 aibi
294 1582 437 1645 homines
462 1582 553 1663 signa
582 1585 806 1663 cogitationum
837 1585 1050 1663 instituerunt,
1083 1603 1125 1647 ex
1148 1588 1236 1647 oerta

119 1710 229 1756 eorum
253 1693 488 1776 oenatruetipne
508 1695 542 1755 id
561 1696 776 1774 pereipientee
807 1695 896 1757 onina
922 1695 1119 1773 significandi
1134 1693 1236 1759 oaued

119 1806 213 1865 etiam
237 1805 318 1866 ordo
340 1804 505 1865 literarum
526 1804 689 1867 institutus
704 1807 782 1867 eat:
804 1805 949 1867 similitor
966 1805 1107 1866 radioum
1126 1808 1235 1869 varie·

120 1895 213 1992 tates,
233 1916 267 1974 et
289 1930 457 1976 nervorum
477 1916 656 1992 ossiumque
678 1916 906 1994 appositiones,
931 1929 993 1974 non
1013 1931 1073 1992 per
1088 1932 1124 1975 se
1141 1917 1234 1994 quid·

120 2041 211 2102 quam
232 2014 381 2102 efficiunt,
413 2022 472 2085 ded
498 2028 570 2086 aunt
596 2026 783 2087 elementum
806 2023 1017 2103 improbitatis
1042 2024 1235 2106 daemonum,

120 2135 173 2211 qui
195 2134 239 2195 ud
262 2135 338 2211 quid
358 2136 597 2212 unumquodque
627 2135 753 2195 illorum
778 2134 905 2194 volarat
928 2131 1125 2194 definierunt.
1175 2134 1234 2195 Ubi

121 2247 225 2306 autam
246 2243 356 2307 vident
386 2245 566 2306 eonsentire
592 2242 736 2306 homines
765 2245 802 2305 ut
820 2242 882 2304 eibi
903 2258 963 2321 per
986 2257 1041 2302 eas
1064 2257 1118 2303 ree
1140 2242 1234 2304 mini-

122 2563 166 2616 doo
183 2563 333 2632 intelligit.“
369 2565 517 2620 Gesnerue:
535 2565 659 2636 „Enoti-
762 2561 788 2619 9.
806 2561 838 2618 ad
858 2559 1095 2632 οοτταττόμττοι]
1123 2563 1233 2617 riman:

122 2649 170 2712 δας
186 2650 345 2718 interpretor
357 2651 518 2718 pediculo&
536 2652 576 2704 hia
592 2651 659 2705 enim
693 2651 724 2703 id
740 2651 811 2718 quod
825 2651 962 2718 capitular
976 2653 1002 2703 et
1017 2651 1235 2719 compendiaco.-

123 2740 162 2788 τοι
178 2734 268 2788 linteis
293 2736 402 2790 amuleta
426 2735 548 2805 quaedam
563 2735 659 2805 illigata
691 2735 757 2788 dion
774 2733 880 2789 Horold.
897 2736 956 2788 τοῖο
973 2731 1004 2790 δὲ
1022 2749 1069 2804 pro
1087 2730 1119 2788 di
1131 2734 1199 2788 τῶν.

123 2821 188 2875 stulti
211 2820 329 2875 homines
343 2820 521 2891 appendunt.“
763 2820 806 2874 1⁰.
827 2821 966 2875 ποικιλίαι
979 2857 986 2872 .
1001 2858 1009 2872 .
1023 2858 1030 2873 .
1042 2814 1232 2889 ermenhidam]

185 2904 211 2959 6.
236 2903 393 2974 Ananim
419 2906 492 2961 aloia
509 2902 658 2976 ἐπιφοιτή·
692 2906 795 2960 diorell.
818 2911 845 2960 et
866 2907 967 2960 Worth.
981 2905 1119 2959 ποικίλαι.
1153 2904 1234 2957 iidem

126 2992 187 3062 αις]
207 2992 252 3046 ste
269 2994 334 3048 insta
352 2993 387 3062 [ο.
405 2993 451 3063 18]
470 2993 497 3063 §.
514 2993 548 3047 ³1
566 2992 594 3047 oi
611 3013 659 3048 ιο-
693 3007 750 3044 οιιοι
775 2991 894 3045 (itenere
916 2996 944 3044 et
965 2990 1080 3043 Heroido
1102 2986 1234 3058 napoitrp·

125 3075 263 3144 μιῑόιιηοι
282 3076 349 3133 drot
366 3081 427 3141 τοῖς
444 3098 532 3133 τινων
544 3076 659 3148 inopor—
693 3086 744 3144 ψις
762 3076 810 3144 (ex
825 3077 917 3145 lirin).
931 3103 966 3115 —
1000 3074 1131 3126 Perreono
1156 3074 1234 3127 verba

125 3163 219 3225 τόττις
234 3161 347 3231 μέλεσιν
361 3168 424 3218 oie..
453 3165 582 3233 Amuleta,
591 3167 659 3236 phil·
693 3162 801 3229 νεαρῶν
817 3179 846 3215 τι
869 3157 920 3213 αα]
942 3155 1048 3213 datiana
1071 3153 1235 3224 παράληψις

126 3251 158 3302 tn
175 3253 202 3302 et
218 3249 268 3303 alia
285 3252 382 3316 magica
404 3248 507 3303 damnet
523 3251 659 3319 impietatis
694 3245 758 3314 (aio)
780 3246 909 3315 superflua
932 3240 1051 3296 videniur
1080 3256 1148 3294 esee.
1196 3241 1235 3298 At

126 3333 151 3385 οΙι
166 3335 259 3388 malum
275 3333 369 3403 tinem3
399 3337 501 3405 saepius
522 3337 589 3388 enim
612 3335 658 3388 ud·
692 3344 755 3383 vero
771 3331 821 3384 huo
838 3330 980 3398 respiciunt
998 3327 1075 3380 verba
1099 3326 1166 3380 inita
1185 3342 1234 3400 po-

127 3417 217 3474 niteriia
246 3420 291 3474 uel
315 3421 453 3475 inimicitiis
479 3419 658 3490 promovendis
692 3416 753 3470 sita:
774 3415 842 3477 Huic
860 3411 1068 3482 ydwmooe?
1094 3408 1126 3468 δὲ
1149 3406 1234 3478 ὄντος

127 3502 279 3561 athientur.
326 3506 385 3560 Non
422 3506 588 3576 reprehendit
616 3507 657 3560 hie
691 3495 1006 3570 μοαλιίψαοοττὸ
1033 3495 1070 3553 io
1096 3494 1233 3566 epod...

127 3589 267 3645 nedieinam
288 3593 369 3644 artem
386 3590 432 3644 sed
447 3580 562 3657 dupino.
590 3593 656 3646 Ger·
691 3581 832 3655 αἰαθητότ
861 3605 889 3641 τι
920 3579 1123 3653 ἅττογοὶοιταις
1168 3585 1233 3641 Tum

127 3687 207 3728 um.
279 3732 282 3739 ,
690 3675 811 3728 Murrum
838 3672 991 3739 demarradi
1018 3690 1120 3733 revoc
1141 3671 1233 3739 legeu-

186 3760 210 3814 7.
232 3757 357 3830 Τοόπος]
376 3761 486 3816 Gesner.
509 3756 557 3829 (ex
573 3763 655 3829 Fris.)
691 3759 749 3817 dum
767 3760 832 3813 male
851 3760 985 3834 coniecit..

129 3845 268 3900 etiieroid.
286 3843 387 3914 τόκος,
414 3847 481 3917 quod
498 3847 599 3917 quidem
616 3849 656 3901 vi·
759 3844 801 3898 11.
820 3841 949 3914 ἕκαστον]
964 3844 1024 3897 Aet.
1039 3848 1065 3897 et
1073 3843 1152 3910 Fris„
1163 3842 1233 3897 (ies-

131 3928 185 3982 tiose
202 3933 246 3984 hio
266 3932 318 3998 legi
338 3933 440 3986 iamilie
454 3934 608 3989 observavit.
622 3964 656 3973 -
690 3944 746 3983 ner.
765 3934 792 3982 et
810 3932 926 3998 lietold,
940 3926 1065 3993 ἕκαστος.
1095 3928 1148 3983 Sed
1164 3929 1232 3981 Fris.

132 4008 232 4084 Δι’τοῖς,
248 4018 275 4073 i.
294 4034 316 4071 e.
331 4017 502 4074 daemonibus.
690 4020 718 4071 in
742 4031 822 4084 marg.
848 4032 936 4070 veram
959 4016 1093 4070 lectionem
1115 4014 1232 4084 praebet.

189 4100 214 4154 8.
240 4102 340 4173 utitor]
358 4096 419 4160 det:
443 4107 560 4174 στοῖχοι.
692 4103 753 4156 dior
785 4116 832 4172 pro
857 4098 946 4170 ἰσχύοι
979 4101 1060 4170 (Fris.
1084 4100 1113 4152 in
1136 4097 1231 4164 marg.)
