2708 4666
133 170 137 177 ’
249 259 258 269 ·
344 175 399 241 DE
421 172 755 279 RESURRECTIONE
776 174 1033 282 subruendus.
1162 175 1227 244 193

116 353 189 414 dam
215 367 277 412 non
306 352 405 411 minus
434 351 527 411 animi
550 351 799 427 incertosquam
821 351 873 434 qui
893 351 1053 411 dubitant:
1091 352 1225 414 omnium

116 467 222 525 autem
238 462 495 523 absurdissimum
510 464 560 521 est
576 461 657 538 quod
675 463 720 521 ita
736 462 836 520 animo
852 461 956 522 allecti
971 463 1059 539 sunt,
1083 463 1225 539 quamvis

116 574 235 634 nullam
255 566 387 650 prorsus
412 588 452 633 ex
476 573 554 648 ipsis
577 573 671 631 rebus
695 572 832 631 habeant
849 588 954 631 ansam
983 572 1224 652 incredulitatis,

117 702 176 744 uec
193 700 317 744 causam
338 681 535 759 probabilem
558 681 672 742 afferre
696 683 836 762 possint,
866 699 922 742 cur
943 697 1004 741 non
1020 683 1150 744 credant
1169 687 1225 746 aut

117 813 174 857 cur
198 795 348 854 dubitent.

205 908 234 964 2.
264 902 505 963 Consideremus
526 904 628 962 autem
650 902 705 962 sio.
750 902 784 963 Si
809 902 906 962 omnis
930 900 1135 961 incredulitas
1161 916 1223 962 nen

118 1017 238 1075 temere
264 1017 297 1073 et
319 1030 358 1073 ex
380 1013 613 1073 inconsiderata
643 1012 807 1091 opinione,
837 1012 894 1071 sed
917 1028 984 1071 oum
1004 1012 1095 1088 gravi
1118 1011 1223 1088 aliqua

118 1143 214 1187 causa
237 1126 269 1184 et
291 1126 358 1183 tuta
390 1123 420 1180 in
440 1122 624 1198 inquirendo
654 1139 730 1181 vero
756 1121 919 1199 diligentia
940 1121 1123 1197 quibusdam
1142 1121 1223 1183 insi·

118 1237 173 1296 det
198 1236 221 1311 [,
242 1250 304 1293 non
320 1234 369 1291 est
385 1232 467 1307 quod
488 1233 712 1309 repugnetur]:
736 1232 808 1291 tuno
831 1232 911 1290 enim
928 1230 1040 1291 iustam
1056 1232 1153 1292 babet
1166 1249 1223 1292 ra-

118 1347 251 1421 tionem,
274 1360 363 1419 quum
380 1341 478 1418 ipsam
494 1357 557 1400 rem
580 1343 629 1400 cui
645 1343 735 1400 tidem
751 1337 905 1419 derogant
921 1341 1134 1401 incredibilem
1150 1358 1223 1402 esse

118 1457 225 1533 patet3
255 1451 400 1531 proiecto
422 1453 501 1510 enim
522 1468 574 1510 res
599 1467 678 1527 quae
700 1468 760 1512 non
774 1456 846 1512 sunt
859 1451 1061 1511 incredibiles
1074 1468 1135 1511 non
1151 1467 1223 1513 cre·

118 1567 197 1626 dere
220 1565 374 1623 bominum
393 1564 442 1620 est
465 1562 587 1621 minime
608 1578 684 1621 sano
707 1562 747 1622 de
769 1563 904 1621 veritate
931 1561 1045 1621 iudicio
1062 1562 1223 1622 utentium.

118 1677 255 1754 Oportet
277 1675 370 1752 igitur
390 1673 424 1731 ut
449 1672 542 1731 etiam
566 1673 617 1748 qui
640 1672 865 1732 resurrectioni
888 1671 978 1730 iidem
998 1672 1150 1753 derogant
1170 1675 1224 1732 aut

118 1788 158 1848 de
180 1803 219 1845 ea
245 1785 386 1844 dubitant
409 1798 472 1841 noo
497 1783 537 1841 ad
558 1783 590 1841 id
614 1785 696 1859 quod
714 1786 831 1843 temere
848 1782 925 1859 ipsis
949 1782 1073 1842 videtur
1089 1784 1122 1841 et
1140 1783 1223 1859 quod

116 1895 294 1957 bominibus
317 1893 593 1969 intemperantibus
615 1895 738 1970 gratum
762 1895 812 1952 est
831 1910 917 1952 suam
934 1908 972 1952 ea
990 1893 1030 1952 de
1043 1909 1079 1951 re
1094 1896 1224 1953 senteu-

119 2009 194 2067 tiam
212 2005 365 2081 dirigant‚
385 2003 442 2063 sed
466 2006 520 2062 aut
536 2003 622 2061 nulla
639 2019 679 2062 ex
701 2020 794 2063 causa
815 2003 970 2062 bominum
993 1999 1143 2079 originem
1169 2020 1225 2064 re·

118 2119 230 2196 petant
245 2114 342 2193 (quod
371 2129 446 2172 sane
467 2112 621 2190 perfacile
645 2113 839 2188 refellitur),
862 2116 916 2172 aut
939 2113 999 2171 deo
1021 2129 1125 2173 rerum
1147 2131 1224 2176 cau·

118 2245 185 2289 sam
201 2225 417 2286 adscribentes
438 2223 554 2285 adhoc
573 2223 685 2300 dogma
700 2222 787 2282 velut
805 2221 846 2280 ad
863 2221 1017 2298 quoddam
1040 2224 1224 2304 principium

120 2447 221 2500 Moruni
243 2443 446 2510 interpunctione
465 2441 504 2495 El
521 2443 598 2495 πᾶσα
691 2441 824 2494 subaudias
844 2437 934 2507 ἐστίν,
952 2444 981 2493 ut
1001 2442 1074 2495 alibi:
1101 2445 1133 2497 ci.
1155 2461 1179 2498 e.
1197 2462 1223 2514 g.

121 2529 275 2598 ἀσφαλείας
286 2525 363 2596 (τότε
378 2565 401 2580 ..
412 2566 418 2578 .
430 2526 591 2599 χρωμένων)
608 2526 657 2582 oei-
692 2526 780 2595 Suppl.
796 2542 818 2579 c.
837 2526 879 2580 25.
898 2542 923 2582 n.
944 2527 968 2579 1.
1003 2527 1061 2596 Big.
1080 2526 1225 2598 ἐγγίνεται.

119 2617 191 2671 suuis
207 2613 270 2667 nihil
283 2613 418 2666 lucremur.
443 2613 594 2667 lledicinam
610 2632 656 2669 er·
691 2612 901 2665 Hemslerbusius
915 2612 947 2679 (l.
966 2613 1004 2682 c.)
1023 2616 1178 2672 existimavit
1193 2634 1226 2674 ex

121 2701 242 2770 cogitarit
259 2698 467 2751 Eemsierlrusius
483 2698 526 2766 (ad
541 2700 657 2767 Luciam,
692 2698 776 2750 verbis
794 2698 852 2752 καί
871 2700 920 2767 τῆς
940 2718 965 2752 κ.
989 2719 1014 2753 τ.
1036 2694 1079 2754 ἀί.
1103 2698 1239 2771 αίσφαι-4

122 2788 189 2857 0pp.
209 2783 248 2838 ed.
266 2783 334 2851 Bip.,
353 2783 407 2836 Vol.
426 2785 473 2838 lll.
493 2801 517 2853 p.
536 2783 599 2844 ³41)
618 2784 656 2837 le·
692 2784 745 2837 tri
752 2802 792 2846 ας
818 2784 978 2838 efficiendum
1002 2800 1059 2841 esse
1083 2784 1150 2864 apia
1174 2792 1226 2859 τῆς

121 2863 205 2940 gendo
234 2863 398 2936 Eniiopdc
423 2865 500 2922 ἔστι
523 2870 602 2922 παῖσα
622 2865 656 2922 ci-
691 2889 717 2924 κ.
738 2890 761 2922 τ.
780 2863 821 2922 ἀί..
842 2863 1037 2937 ἀσαφείας.
1072 2866 1227 2943 Quemquam

121 2956 219 3010 πιστία
242 2957 299 3007 καί.
337 2954 389 3007 Sed
416 2955 492 3006 nimie
518 2957 558 3006 est
575 2959 658 3008 muta·
693 2955 759 3007 nulla
779 2959 819 3006 est
842 2953 989 3006 emendandi
1009 2958 1157 3011 necessitas.

120 3043 167 3096 tio.
204 3039 268 3104 Quid
287 3039 383 3106 igitur?
408 3039 535 3109 Apodests
553 3043 582 3093 ad
599 3056 659 3093 ver·
759 3040 785 3091 3.
804 3035 868 3106 prio]
886 3038 967 3090 Deest
981 3037 1040 3090 Par.
1053 3037 1069 3091 ³
1084 3046 1110 3093 et
1124 3043 1226 3099 clar-2.

121 3127 152 3180 bu
171 3124 209 3178 El
226 3123 303 3177 πᾶσα
319 3120 519 3189 ...ἀσφαλείας
536 3127 657 3196 suppleo·
761 3122 786 3177 4.
807 3119 870 3190 χρὴ]
889 3122 1015 3176 Aetnen
1034 3127 1158 3190 agnoscit.

121 3209 153 3263 du
180 3213 235 3262 esta
263 3211 377 3271 καλῶς
403 3209 478 3277 ἔχει
506 3210 552 3281 (so
575 3214 658 3265 isles
760 3208 785 3261 5·
805 3203 936 3275 ἀκρίτως]
973 3207 1092 3262 Abestu
1127 3212 1229 3285 Pani

122 3293 197 3366 put).
215 3295 267 3347 lam
283 3295 351 3348 nulla
365 3288 445 3348 restet
456 3296 659 3353 difficultasrer-
695 3297 721 3346 et
739 3293 805 3346 clar.
824 3292 850 3345 2.
876 3293 914 3345 lie
931 3293 1015 3346 verbis
1033 3309 1097 3363 quae
1114 3313 1228 3367 sequun-

122 3382 213 3434 borum
234 3379 325 3448 alioqui
341 3383 564 3447 perobscurorum.
596 3383 660 3435 Sue·
695 3384 737 3431 tur
754 3380 786 3431 ct.
811 3377 899 3430 c.19=
925 3374 958 3432 τὰ
977 3382 1037 3440 τοῖς
1064 3377 1230 3451 ἀκολάστοις

121 3467 227 3537 pissime
247 3465 294 3517 bec
311 3465 402 3533 σχῆμα
427 3465 661 3521 ἀνανταπόᾶαταα
694 3463 741 3517 καί
768 3459 879 3531 λάγνοις
898 3464 984 3531 φίλων
1009 3462 1149 3536 Φάγωμςςῑ
1170 3477 1227 3528 322.

122 3551 190 3620 epod
208 3554 309 3603 veteres
323 3552 468 3618 reperitur:
490 3553 520 3605 de
539 3568 587 3621 quo
601 3553 661 3605 ode·
730 3549 755 3602 6.
780 3550 919 3617 μηδεμιᾶς
1016 3551 1134 3620 γένεσιν]
1169 3560 1232 3628 Btg,

123 3652 151 3690 es
165 3651 179 3689 ι
195 3650 236 3688 me
250 3635 381 3688 observata
393 3639 419 3689 in
433 3637 514 3706 spise
529 3638 558 3690 ad
569 3638 661 3705 bicgo.
695 3636 834 3703 μηδεμίαν
862 3634 956 3688 αἰτίαν
975 3634 1103 3703 leuiorem
1121 3644 1156 3714 τῇ
1172 3647 1230 3700 soie

123 3739 146 3775 o.
164 3721 190 3774 3.
215 3721 272 3775 ml
299 3720 391 3787 (Corp.
417 3722 501 3788 Apoll.
530 3724 584 3776 Vol.
609 3724 657 3779 ill.
693 3717 853 3791 ἀνθρώπων
870 3720 983 3789 γενέσει.

122 3824 148 3877 p.
168 3805 228 3860 165.
252 3805 308 3857 coll.
334 3805 424 3857 librum
445 3822 526 3859 meum
552 3808 589 3860 De
611 3808 659 3876 Ep.
763 3809 787 3860 7.
815 3803 1015 3876 εὖεξέίεγκταα]
1044 3811 1117 3867 llenc
1142 3831 1229 3870 vocem

123 3893 156 3946 ed
178 3893 271 3958 Dioge.
290 3889 365 3943 edi.
384 3890 501 3960 p.1o1);
524 3891 586 3943 adde
606 3893 660 3945 Wl-
695 3894 773 3958 (Plal.
804 3894 880 3961 Hipp.
912 3896 969 3951 mni.
1001 3912 1028 3964 p.
1050 3896 1101 3950 293
1130 3900 1163 3953 l).
1189 3902 1229 3957 ed.

122 3993 180 4031 uer.
202 3976 321 4030 (drumm.
351 3977 376 4028 d.
393 3980 505 4029 molest.
523 3977 587 4045 Sps.
607 3978 660 4043 (ed.
695 3979 799 4047 Stepb.)
826 3979 931 4034 clami
955 3981 981 4034 ln
1006 3977 1164 4048 oriellense
1183 3987 1229 4040 de-

123 4061 152 4132 6)
172 4077 197 4132 p.
216 4058 269 4114 629
288 4065 315 4114 et
328 4061 400 4113 lieet.
416 4061 523 4116 Griecb.
544 4063 661 4115 drumm.
695 4065 821 4119 formavit.

121 4145 178 4213 (ed.
203 4145 233 4212 7>
256 4160 283 4215 p.
309 4143 367 4201 dli·
410 4144 473 4199 Cum
502 4142 662 4217 ίγγιναμίνη
763 4149 789 4207 8.
809 4152 916 4217 αἰτίαν]
934 4154 995 4210 Aet.
1013 4155 1115 4218 αἰτίας.

172 4238 253 4308 corp.
275 4237 360 4308 Apoll.
385 4237 440 4292 Vol.
458 4239 515 4292 vll.
985 4245 1025 4313 13
