2708 4666
356 115 411 221 ns
431 158 763 222 assonarcrrons
786 135 1054 226 uonnconouss
1173 160 1237 227 err

127 330 178 388 vis
200 333 302 390 autem
325 348 387 391 non
407 333 507 393 solius
522 331 680 411 corporis,
703 335 759 394 sed
779 332 909 396 bominis
932 353 1004 396 esse
1025 338 1126 398 motus
1143 336 1254 399 animi¹
1307 353 1314 363 “

127 456 288 517 ponamus,
311 441 343 501 id
360 443 443 518 qnod
458 446 544 502 recte
559 441 689 504 iacimus
707 443 779 519 quia
795 462 856 503 nna
872 448 922 505 est
938 463 978 505 ex
994 448 1118 507 duobos
1134 447 1234 524 ipsios

125 552 211 627 vita,
239 568 300 611 non
330 555 433 610 tamen
461 551 540 612 baec
572 554 692 612 animae
726 556 893 615 convenire
921 544 1076 633 dicemus,
1107 558 1135 616 si
1155 574 1233 634 pro-

125 663 227 740 priam
254 662 321 722 eius
352 664 494 721 naturam
530 679 609 740 puro
634 664 843 740 inspiciamus.
887 665 964 725 Nam
996 667 1024 725 si
1046 667 1162 728 nullius
1194 684 1232 727 o-

124 773 229 831 mnino
255 771 393 830 alimenti
412 773 503 847 eget,
534 789 706 848 numquam,
725 790 762 832 ea
787 774 933 851 proiecto
959 780 1089 853 appetet
1119 778 1244 853 quibos'

124 899 206 959 opos
239 897 299 940 non
330 881 426 940 babet
456 869 490 939 ut
521 882 672 957 exsistat,
709 899 767 942 nec
790 885 830 944 ad
855 901 962 946 eorum
991 887 1156 962 quidquam
1175 906 1231 947 ra-

125 993 231 1069 pietur
256 992 367 1067 quibus
397 991 519 1050 omnino
549 992 594 1050 uti
618 1009 678 1052 nou
700 996 821 1070 potest;
860 996 951 1054 immo
978 1013 1078 1072 neque
1109 997 1231 1057 dolebit

127 1106 258 1181 propter
289 1103 450 1179 penuriam
484 1102 684 1179 pecuniarum
719 1106 773 1163 aut
800 1107 1054 1182 possessionum,
1083 1108 1117 1168 ot
1150 1124 1230 1182 quae

125 1213 203 1272 nibil
227 1213 267 1272 ad
283 1229 350 1271 eam
372 1186 558 1288 pertincant.
603 1212 637 1272 Si
661 1229 738 1273 vero
760 1215 854 1272 ctiam
870 1217 1072 1292 corruptione
1088 1221 1230 1296 superior

125 1328 194 1400 est,
220 1323 301 1382 nibil
324 1323 445 1381 omniuo
473 1321 582 1380 metuit
607 1323 690 1398 quod
718 1325 748 1382 ei
778 1324 936 1384 interitum
966 1328 1069 1403 possit
1098 1328 1228 1389 afferre:

124 1440 186 1494 non
208 1428 355 1492 formidat
384 1431 515 1510 samem,
544 1448 604 1492 uon
626 1433 763 1492 morbum
798 1450 858 1493 noo
880 1437 1086 1497 membrorum
1107 1440 1230 1500 abscis-

124 1545 242 1604 sionem
265 1543 492 1618 noninsiguem
516 1558 646 1603 naevum
666 1559 727 1602 uon
748 1543 851 1620 ignem
873 1562 933 1605 non
957 1545 1084 1625 forrum,
1111 1550 1228 1626 quippe

123 1671 216 1730 quum
239 1670 278 1712 ex
302 1652 351 1711 bis
372 1652 550 1728 neutiquam
572 1654 638 1731 pati
658 1655 760 1730 possit
783 1655 948 1731 quidquam
976 1659 1062 1717 noxii
1085 1663 1139 1718 aut
1161 1676 1229 1719 mo-

123 1764 215 1839 lesti,
238 1780 328 1839 quam
353 1764 475 1822 omnino
498 1780 557 1822 nec
577 1781 710 1841 corpora
734 1766 890 1842 attingunt
911 1783 968 1826 uec
990 1784 1155 1845 corporum
1177 1768 1228 1828 sa-

120 1875 267 1936 cultates.
312 1874 429 1942 Quodsi
459 1872 591 1933 vitiosos
619 1877 721 1934 motus
741 1876 901 1935 animabus
925 1879 1053 1955 proprie
1075 1876 1229 1954 attingere

122 1985 290 2045 absurdum
310 1986 405 2063 [est],
429 1987 498 2042 orta
521 2000 561 2043 ex
584 1984 633 2044 bis
647 1988 775 2061 peccata
798 1989 831 2044 et
855 2003 895 2044 ex
912 1989 1050 2064 peccatis
1073 1987 1228 2064 supplicia

120 2095 260 2156 insoles
288 2078 405 2153 animas
423 2093 581 2182 ¹conterre
613 2096 706 2173 longo
736 2096 961 2173 iniquissimum
989 2099 1067 2172 [est]
1106 2101 1139 2157 et
1176 2099 1227 2158 dai

120 2207 236 2267 iudicio
259 2206 425 2281 indignum.

209 2318 258 2375 22.
278 2315 328 2375 Ad
357 2315 436 2374 haec
465 2307 619 2391 quomodo
645 2332 705 2375 uon
731 2316 899 2375 absurdum
923 2318 1001 2390 [est]
1026 2318 1172 2378 virtutem
1196 2321 1229 2377 et

121 2429 230 2487 vitium
259 2444 297 2485 nc
319 2425 452 2502 cogitari
476 2426 598 2501 quidem
627 2441 723 2502 posse
746 2428 916 2502 separatim
936 2428 966 2486 in
990 2428 1089 2489 anima
1113 2429 1228 2506 (virtu
1316 2511 1318 2513 Ι

121 2543 171 2597 tes
201 2538 280 2596 enim
306 2553 378 2596 esse
408 2534 541 2595 bominis
571 2536 704 2595 virtutes
737 2537 895 2613 novimus,
926 2544 958 2597 et
989 2539 1165 2615 oppositam
1189 2540 1228 2599 iis

120 2775 225 2828 scribit:
259 2773 425 2841 ‚„‚Corporis
451 2773 584 2842 passiones
601 2773 656 2825 sni·
692 2788 752 2825 sum
786 2774 968 2839 arctissimum,
1001 2776 1096 2827 saimsc
1127 2788 1227 2843 quoque

121 2877 186 2912 mem
219 2874 319 2928 quoquc
347 2860 472 2925 attingere
500 2859 656 2925 experientia
692 2856 801 2910 dotorem
820 2863 864 2910 sut
883 2859 1003 2912 laetitiam
1021 2861 1187 2928 piorumque,
1206 2861 1228 2913 si

121 2946 274 2998 consiat.““
292 2945 355 2998 Nem
370 2944 443 2995 stiter
455 2957 540 2995 vocem
555 2944 656 2995 attin·
691 2954 783 3008 corpus
809 2940 891 2994 doleat
916 2949 958 2995 sut
981 2943 1228 3012 laetetur‚·scqui.“

120 3044 198 3098 gere
227 3030 317 3082 sumsit
341 3029 565 3096 babenbergam,
584 3030 657 3081 siiter
759 3024 800 3077 25.
820 3023 861 3089 ἐκ]
879 3028 935 3080 Non
954 3030 1068 3092 agnoscit
1086 3028 1146 3080 Aet.
1172 3029 1224 3082 Ds-

121 3117 307 3181 Atbensssorss.
343 3113 391 3166 Hie
411 3111 435 3165 id
457 3113 566 3166 votuisse
584 3113 655 3165 vids·
691 3108 749 3161 iode
763 3110 909 3175 τιμωρίαις
923 3111 1005 3163 Nann.
1021 3127 1067 3180 pro
1080 3114 1224 3178 τιμωρίας.

119 3205 171 3263 tour,
190 3199 581 3266 animamqusmincorporesm
598 3213 655 3249 esse
761 3195 783 3244 1.
800 3191 882 3260 randi]
912 3196 971 3250 Aet.
999 3194 1086 3264 μηδὲν
1119 3199 1154 3264 (o.
1180 3196 1224 3251 21.

120 3299 197 3354 saepe
230 3282 305 3348 dicit,
337 3297 386 3334 non
411 3298 486 3351 posse
511 3298 524 3336 s
550 3283 655 3352 qoodsm
689 3294 716 3331 n.
734 3278 792 3346 24).

120 3383 237 3439 corpore,
256 3368 289 3421 its
308 3371 337 3419 ut
356 3383 443 3420 manus
463 3383 572 3433 manum,
589 3369 655 3433 ignis
757 3364 782 3416 2.
802 3360 859 3429 tut]
892 3366 959 3420 dior.
993 3371 1019 3420 et
1042 3366 1105 3420 linc.
1131 3369 1225 3423 omise-
1344 3360 1346 3364 ⁴

117 3456 213 3522 ignem,
232 3468 308 3505 unum
328 3467 420 3521 eorpus
439 3453 543 3505 sitorum
568 3454 655 3520 tangit,
691 3455 758 3503 root.
774 3451 967 3519 sconenberg:
985 3453 1116 3521 „Virtutes
1132 3455 1225 3508 atritis

119 3540 195 3605 attici,
213 3537 274 3590 iicet
291 3537 348 3589 ideo
366 3553 379 3589 s
397 3540 512 3606 eorporis
529 3540 655 3606 passioni·
690 3537 809 3603 primario
847 3535 946 3605 quidem
978 3540 1004 3591 in
1031 3541 1113 3591 enims
1139 3542 1225 3609 quseri

118 3624 165 3676 bus
185 3623 290 3674 animam
306 3636 406 3691 quoque
425 3625 519 3690 tangi
538 3639 584 3676 seo
603 3622 654 3676 de·
690 3621 783 3674 debere
800 3622 948 3675 testatitiurn
967 3629 1022 3692 est;
1047 3629 1151 3678 atvero
1170 3642 1225 3679 com

117 3707 248 3761 lecturi
280 3720 330 3758 nou
355 3708 440 3774 neget.
481 3709 548 3761 Sene
574 3709 654 3760 enims
689 3708 773 3760 exseri
799 3708 853 3759 sine
873 3711 988 3776 eorporis
1014 3712 1165 3764 commercio
1184 3712 1225 3764 iiia

118 3797 224 3857 nostra,
250 3808 305 3843 cum
322 3793 357 3845 sit
374 3795 530 3847 ostensionis
548 3798 574 3846 et
592 3809 653 3860 psr-
689 3797 831 3861 nequeant,
869 3798 939 3846 recte
969 3795 1146 3863 Athenagoras
1179 3797 1226 3849 toti

117 3879 181 3930 bom
216 3892 328 3945 expers,
357 3893 406 3946 quo
437 3882 511 3946 pacto
537 3881 654 3947 possita
690 3879 782 3930 bomini
811 3879 867 3931 ittss
906 3881 994 3933 tribuit
1020 3882 1107 3949 (Rom.
1138 3880 1225 3949 6,13.

118 3977 226 4031 corpore
244 3967 270 4015 et
288 3964 391 4016 materia
409 3965 478 4031 tangi
507 3979 557 4016 noo
574 3963 653 4032 sdps-
692 3963 766 4030 ί9).“

118 4053 167 4111 ret,
185 4048 246 4100 iicet
262 4050 310 4101 boc
328 4049 474 4116 ceteroquin
495 4049 556 4100 setis
572 4048 654 4117 lique·
757 4050 783 4103 3.
803 4046 877 4105 εἶναι
895 4057 962 4121 γα]
988 4053 1046 4107 Per.
1064 4053 1081 4106 3
1106 4057 1133 4104 et
1157 4052 1224 4104 Cirr.

118 4137 161 4201 st,
185 4137 293 4202 propter
311 4134 408 4187 snimsc
432 4136 458 4185 ct
474 4133 589 4200 corporis
608 4149 654 4185 oe·
689 4135 777 4203 tyro.
797 4132 878 4192 εἶναι.
905 4140 964 4192 ser.
980 4133 1150 4207 γινώσκομεν
1174 4133 1226 4200 τὰς
