2708 4666
388 227 538 289 onnrro
564 228 621 288 nn
643 181 858 289 calceos!
1130 230 1168 293 ra

140 404 171 461 3.
196 399 387 461 Heraclitum
411 370 492 460 enim
514 416 575 460 uon
598 398 812 478 probaverim,
839 405 901 479 qui,
935 420 1026 479 quum
1047 408 1167 466 esseta

51 514 163 591 seipso
194 511 308 570 doctus
337 510 369 568 ot
401 525 572 587 arrogans,
611 509 755 571 dicebat:
801 506 878 595 Ipse
897 528 947 574 mc
965 510 1167 597 incestiguri.

50 623 119 683 Nee
140 619 339 681 laudaverim
364 619 449 695 quod
470 634 595 678 carmen
616 619 649 678 in
666 618 931 698 templo'lliaaae
953 624 1169 701 occultaverit,

53 735 88 793 ut
109 732 227 809 postca
249 729 352 789 instar
374 729 519 805 mysterii
541 728 708 806 ederetur,
740 730 857 791 etenim
880 730 994 807 quibus
1023 731 1085 792 ista
1116 751 1170 801 cn·
1272 705 1280 725 ⁸

53 858 109 903 rac
134 840 210 901 sunt
240 836 424 915 Euripidem
453 839 608 916 tragicum
625 838 758 915 furunt,
803 856 895 916 quum
925 856 964 901 oo
990 842 1115 903 veniret
1137 846 1170 903 et

55 952 198 1029 legeret,
235 948 406 1007 memoriae
436 940 602 1025 paullatim
628 944 789 1010 dlerteliti
819 950 969 1009 tenebras
998 950 1169 1028 diligenter

55 1059 238 1121 tradidisse.
288 1055 387 1116 Huius
422 1072 500 1116 sane
529 1054 724 1137 imprltlh
744 1064 838 1119 'mors
866 1059 1048 1136 redarguit3
1087 1077 1169 1137 aqua

56 1170 137 1230 enim
158 1168 317 1228 intercute
336 1166 521 1242 correptus,
541 1152 634 1242 qu'u'u'r
654 1148 837 1227 mddicinam
866 1168 978 1229 eodem
1007 1148 1099 1230 modo
1132 1187 1169 1230 ac

57 1272 292 1357 philosophiam
313 1275 562 1352 pertractasset,
585 1292 683 1352 seque
702 1276 896 1336 stereoribus
920 1277 1014 1339 boum
1035 1279 1169 1340 circum-

57 1388 199 1463 levisset,
225 1387 299 1447 timo
320 1383 467 1445 indurato
492 1385 526 1443 et
556 1385 655 1444 totum
679 1390 796 1461 corpus
822 1387 1022 1447 convellente
1048 1388 1169 1449 dilace-

58 1501 144 1559 ratus
173 1495 304 1557 interiit.
357 1494 432 1555 l'um
460 1493 585 1554 minime
608 1494 783 1554 audiendus
806 1496 856 1553 cst
882 1494 985 1571 Zeno,
1027 1494 1080 1571 qui
1112 1512 1170 1572 per

57 1606 332 1684 conflagrationem
354 1604 537 1682 pronuntiat
556 1604 685 1665 eosdem
706 1620 817 1665 rursus
842 1602 983 1664 homines
1002 1604 1170 1665 adsedem

58 1730 239 1794 resurgere,
264 1715 297 1775 id
319 1716 369 1776 est
389 1713 525 1798 Anytum
544 1715 577 1774 et
605 1712 754 1775 Halotum
780 1713 822 1774 ad
847 1714 1070 1793 accusandum,
1103 1713 1170 1776 Bu-

60 1993 151 2047 dicitur
176 1992 334 2058 Heraclitus,
352 1993 410 2062 quis
435 1993 465 2046 ab
487 1992 538 2046 illis
557 1996 597 2046 te·
632 1992 690 2046 thc's
703 1990 845 2060 Cyzicenus
864 1994 1030 2060 Heraclitum,
1056 1992 1095 2062 μή
1116 1995 1169 2049 ὅο-

59 2079 154 2145 uehn's,
171 2078 265 2147 quihus
287 2079 471 2148 philosophiam
495 2078 597 2131 demer-
631 2075 757 2144 νηθέναα
775 2074 867 2133 ανὶνὸν
884 2073 1100 2133 ἀποσπάσαντα
1116 2078 1168 2151 βό-

58 2169 136 2231 serat,
154 2179 189 2216 ue
211 2163 367 2233 hydropicus
392 2162 492 2232 quidem
518 2165 598 2216 iactus
633 2166 714 2227 latu,
738 2167 833 2230 privor
862 2162 911 2218 aul
938 2160 988 2218 dccl
1008 2162 1061 2234 τήν
1083 2183 1170 2232 μετα-

60 2249 83 2301 ία
118 2247 285 2302 consulendis
322 2247 425 2302 medicts
467 2246 598 2301 discedere
633 2243 723 2317 βοινὶν
742 2242 920 2317 ἀγνοηθέντα
932 2245 1115 2319 κυνόβρωτον
1127 2268 1171 2319 γε·

60 2334 146 2387 uoluit.
186 2334 270 2400 Nam,
289 2335 318 2385 ut
341 2335 377 2386 rit
396 2333 516 2387 laertius
540 2332 597 2400 [lli.
632 2331 744 2389 νὲοθαο.
779 2334 831 2387 Sed
850 2334 1037 2389 hocllcanthis
1054 2336 1170 2389 testimo-
1185 2376 1202 2387 ..

60 2435 81 2471 c.
100 2418 126 2474 1.
145 2417 172 2485 ς.
191 2418 237 2486 31,
263 2417 322 2471 teis
344 2417 450 2484 ἰατρῶν
468 2418 598 2487 alcippe·
631 2419 702 2472 nium
719 2423 817 2486 pugnat
836 2417 899 2472 tluo
912 2419 1013 2488 quidem
1028 2435 1085 2473 cum
1101 2420 1170 2473 ller-

61 2503 157 2564 actae
191 2499 369 2557 ἐπυνθάνετο
402 2502 430 2557 st
460 2499 597 2558 δυ’ναιννο
632 2506 717 2573 mippo
742 2502 774 2556 de
799 2503 922 2557 heracliti
948 2504 1097 2573 sepultura,
1124 2519 1171 2557 ne-

62 2584 89 2654 l}
112 2584 273 2659 ἐπομβρίας
291 2584 400 2656 αὐχμόν
423 2589 598 2656 αοιῆσαι.-
634 2603 759 2658 quaquam
775 2593 859 2641 autem
885 2588 917 2642 da
943 2590 1033 2643 mortis
1060 2604 1171 2656 gencree

63 2671 599 2738 Existimaritlvorthosrerbacrustela
633 2673 758 2741 siquidem
781 2678 891 2743 uterque
917 2674 1074 2729 Heraclitum
1100 2674 1172 2729 bovis

63 2755 217 2826 ἐτελεύτησε
236 2759 378 2827 [interpres
391 2758 518 2828 Compita
537 2761 599 2812 ium
633 2763 749 2812 stercore
773 2759 878 2813 oblitum
904 2760 1014 2829 periisse
1041 2765 1172 2825 memorat,

61 2845 89 2896 is
110 2842 274 2910 luctsupen
296 2842 352 2912 unt]
372 2844 409 2896 sic
425 2844 598 2914 interpretan—
633 2858 723 2897 verum
746 2843 811 2896 alter
833 2843 957 2914 postridie
979 2844 1107 2915 sepultum
1133 2844 1172 2897 di-

63 2927 184 2982 deesse:
216 2928 382 2981 dilaceretur
409 2945 427 2981 u
452 2929 600 2983 conitus
634 2929 677 2997 cit,
695 2928 761 2982 alter
777 2929 909 2983 aeonibus
923 2933 1172 2998 vorelumpropter-

64 3014 174 3067 interiit.
224 3014 261 3066 At
292 3027 451 3082 nequaquam
479 3014 600 3068 l'atianus
635 3029 664 3067 ea
683 3012 750 3082 quod
768 3013 869 3081 agnitus
898 3027 950 3066 uon
977 3014 1076 3067 luisset.
1112 3013 1173 3066 dtu-

64 3096 224 3151 iilaceratum
241 3113 256 3150 a
272 3098 376 3151 mnibus
392 3098 548 3152 Heraclitum
560 3098 600 3152 di·
633 3114 729 3154 maus.

64 3183 105 3247 cit,
123 3182 171 3236 sed
192 3183 224 3236 alt
243 3183 287 3236 illo
306 3184 379 3236 boris
397 3189 513 3237 stercore
532 3183 601 3252 quod
705 3183 730 3236 7.
756 3178 886 3251 Ζήνωνα]
912 3182 1011 3234 aaran.
1036 3179 1173 3247 apim«.

65 3271 141 3321 tetum
164 3282 260 3336 corpus
282 3254 440 3321 convellebat
460 3273 486 3322 ct
506 3266 601 3322 dilace-
636 3269 698 3322 Μαι
725 3281 773 3338 pro
804 3261 1040 3334 ἀποφαινόμενον
1074 3265 1174 3319 llorell.

65 3353 142 3404 rabat.
177 3353 223 3405 Sic
239 3353 316 3406 etiam
334 3352 401 3422 apud
420 3352 601 3407 Tertullianum
638 3348 878 3420 ἀποφαινόμενον.
893 3379 929 3390 -
952 3350 1085 3405 Sententia
1103 3350 1174 3405 Stoi-

67 3435 227 3508 {adnrtyn
246 3453 268 3490 c.
287 3437 317 3507 l]
333 3438 478 3492 Heraclitus
493 3452 541 3506 „se
553 3439 602 3492 hu·
638 3452 724 3491 corum
743 3436 774 3490 da
800 3436 999 3503 conflagratione
1025 3437 1111 3490 muudi
1138 3453 1175 3491 cc.

68 3522 120 3575 lde
139 3527 258 3576 stercore
279 3523 384 3576 oblitum
397 3524 548 3577 exussisse“
562 3522 602 3577 dl·
639 3523 655 3578 c
674 3525 701 3575 ct
717 3521 752 3576 25
770 3522 912 3574 accuratius
932 3522 1078 3591 exponitur.

69 3607 136 3661 citur.
158 3607 231 3661 ldem
245 3609 355 3660 testatur
367 3608 523 3677 Hermippus
537 3606 604 3678 apud
707 3607 732 3660 8.
761 3603 905 3675 Μέλητον]
930 3606 974 3659 Sic
988 3607 1046 3659 Par.
1065 3607 1091 3660 1.
1109 3606 1176 3660 Cae·

70 3689 196 3746 laertium
218 3692 249 3762 [Ι.
264 3708 288 3744 c.
303 3691 330 3761 §.
339 3691 383 3761 413
402 3708 496 3761 nempe
519 3692 604 3745 Hera-
638 3693 690 3747 teri
707 3691 780 3746 codd.
809 3693 869 3745 mati
894 3691 992 3762 pariter
1015 3696 1090 3760 atque
1115 3690 1177 3743 editi

71 3775 158 3846 dum,
171 3794 229 3832 cum
244 3778 335 3848 pueris
347 3778 467 3833 iussisset
478 3782 508 3831 ut
521 3778 604 3831 sebo-
639 3774 776 3834 Mttscos.
813 3775 937 3831 Eumdem
959 3790 1073 3829 errorem
1091 3775 1117 3827 in
1133 3776 1177 3828 lo-

72 3861 393 3928 risstercoreoblluercnt,
401 3859 602 3928 αατατεονόμι·
640 3864 700 3916 atini
718 3863 824 3916 Cohort.
843 3861 875 3914 ad
902 3861 981 3914 (ient.
1008 3876 1030 3914 c.
1054 3858 1098 3913 20.
1115 3858 1178 3913 nl

72 3961 115 3999 νον
127 3950 297 4015 δευτεραῖον
310 3949 474 4017 τελευτῆσαν
488 3946 537 4001 sul
556 3965 605 4001 cu·
640 3949 751 4001 correxi.
769 3948 809 4001 (ti.
829 3945 969 4000 Stallbaum
987 3943 1018 3996 ad
1035 3944 1101 3997 l’lat.
1122 3944 1178 3996 Eu-

74 4032 152 4098 φῆναι
163 4027 350 4104 ἐννῇᾶγοοᾷ.
368 4033 465 4086 Focum
477 4033 605 4086 leciteru-
640 4033 743 4101 thyphr.
761 4047 788 4101 p.
806 4030 833 4084 2.
850 4031 884 4084 B.
911 4034 938 4083 et
960 4030 1055 4082 Kaisar
1080 4028 1178 4080 Hister.

75 4113 605 4188 titulatoquodcitilridenr[§.5]ltcan·
641 4118 698 4170 crit.
716 4116 793 4183 Trass.
811 4130 912 4182 graeco.
935 4129 960 4182 p.
978 4111 1039 4167 285.
1050 4137 1086 4151 -
1115 4111 1178 4163 Mox
