2708 4666
334 205 389 270 ua
409 205 741 270 uusnnuucrronu
760 207 1016 298 monroonms
1154 205 1217 273 aar
1280 238 1283 249 ·

106 382 188 444 setis
211 381 358 458 idoneae,
380 381 409 441 is
431 397 563 458 prorsus
585 397 647 442 non
662 383 881 459 aggredietur,
903 383 931 441 si
949 382 1053 460 sapiat
1072 398 1109 442 ae
1128 383 1214 442 vires

106 509 183 555 suaa
213 478 409 570 consideret,
445 493 564 552 temere
592 495 695 551 auteur
723 508 894 569 aggressus
924 493 1153 569 nonperdciet
1181 493 1214 553 id

106 601 192 678 qnod
213 601 275 660 sibi
296 601 472 679 proposuit.
517 600 613 660 Deum
634 603 738 661 autem
761 619 862 678 neque
885 602 987 662 latere
1002 604 1109 678 potest
1132 619 1213 679 quae

106 712 149 773 ait
164 727 329 789 corporum
346 712 386 770 ad
410 712 504 771 vitum
520 711 767 771 revocandorum
786 715 916 788 natura,
938 728 995 781 sou
1010 713 1147 772 membra
1163 714 1214 772 in·

106 828 199 900 tegra
224 837 281 881 seu
306 821 513 881 membrorum
537 825 645 898 partes
669 822 751 896 quod
777 817 905 899 attinet,
927 837 1028 897 neque
1044 836 1104 897 quo
1119 820 1214 880 abeat

105 931 344 1007 unumquodque
359 948 465 990 eorum
484 948 563 1007 quae
578 931 811 1008 dissolvuntur,
841 949 941 1008 neque
954 947 1034 1008 quae
1051 947 1127 1008 pars
1142 931 1214 990 ele-

105 1044 279 1103 mentorum
314 1041 476 1117 exceperit
510 1041 542 1099 id
571 1041 653 1115 quod
686 1041 871 1101 dissolutum
894 1042 924 1101 in
948 1041 1018 1101 loce
1044 1040 1106 1103 sibi
1135 1057 1213 1101 eon·

105 1153 251 1231 grueutia
280 1151 444 1227 migravit,
472 1152 612 1227 quamvis
642 1151 818 1210 homiuibus
839 1152 974 1211 discerni
997 1152 1120 1210 omnino
1150 1167 1213 1210 nou

105 1279 202 1341 posse
226 1262 372 1321 videatur
395 1259 544 1335 quidquid
567 1278 635 1320 cum
662 1262 807 1338 partibus
830 1263 968 1322 universi
990 1241 1212 1338 eibi'eognetis

106 1390 216 1434 rursus
249 1371 374 1431 cuaiuit.
420 1371 514 1439 Quem
542 1371 622 1431 euim
648 1388 709 1431 uon
739 1372 860 1431 latebat
881 1376 953 1432 aute
975 1371 1136 1449 propriam
1155 1387 1213 1432 cu·

105 1486 217 1560 iusque
241 1482 491 1542 constitutionem
519 1497 621 1557 neque
645 1480 818 1543 futurorum
845 1484 1068 1545 elementorum
1090 1484 1212 1556 natura,

105 1611 144 1654 ex
170 1593 283 1670 quibus
307 1592 438 1651 humana
469 1608 620 1669 corpora,
651 1609 752 1667 neque
781 1594 957 1653 eorumdem
987 1586 1211 1651 elementorum

105 1710 236 1783 partes,
259 1702 431 1777 exquibus
461 1702 666 1779 decerpturos
691 1708 761 1762 erat
783 1705 814 1763 id
837 1704 921 1780 quod
942 1703 1003 1780 ipsi
1025 1702 1066 1762 ad
1088 1701 1211 1762 humaui

104 1815 250 1892 corporis
279 1813 529 1871 constitutionem
556 1815 662 1889 aptum
694 1812 874 1872 videretur:
909 1811 1004 1872 iaciie
1030 1813 1119 1889 patet
1142 1828 1210 1872 eum

104 1940 223 2000 neque,
254 1926 418 1999 postquam
441 1925 538 1981 tutum
565 1924 708 1998 [corpus]
728 1923 912 1982 dissolutum
936 1920 1046 1999 fuerit,
1068 1922 1209 1998 ignarum

104 2035 175 2095 iore
197 2049 328 2109 quonam
350 2032 532 2110 migraverit
554 2033 790 2107 unumquodque
814 2047 1018 2108 eorumquae
1041 2031 1082 2091 nd
1104 2032 1210 2092 cuius·

104 2162 164 2222 que
182 2142 406 2221 perfectionem
424 2141 622 2202 adhibuerat.
644 2142 720 2202 Nam
736 2146 882 2219 quantum
897 2143 938 2201 ad
958 2144 1114 2219 vigentem
1130 2159 1211 2203 nuuc

103 2255 189 2333 apud
213 2269 270 2311 nos
292 2269 396 2311 rerum
419 2252 557 2311 ordinem
581 2254 672 2312 etde
696 2253 830 2312 caeteris
854 2254 949 2311 rebus
972 2252 1116 2313 iudicium
1132 2253 1209 2330 etti7

104 2370 176 2442 net,
214 2364 312 2423 maius
344 2366 394 2420 est
422 2379 459 2420 ea
492 2379 571 2437 quae
602 2363 733 2422 nondum
760 2367 832 2423 suut
859 2377 1085 2440 praenoscere;
1109 2379 1209 2437 quau-

104 2482 167 2536 tum
200 2477 302 2534 autem
332 2473 372 2532 ad
406 2474 462 2531 dei'
484 2473 676 2531 maiestatem
709 2473 839 2548 eiusque
866 2473 1055 2549 sapientiam
1086 2473 1210 2547 attinet,

104 2594 268 2661 utrumque
284 2584 451 2643 seeundum
470 2587 611 2643 naturam
636 2584 725 2658 [est],
748 2587 779 2642 et
799 2585 920 2661 quidem
943 2582 1036 2642 facile
1054 2584 1133 2657 [est]
1151 2599 1208 2641 ae-

104 2714 165 2773 que
188 2712 225 2755 ea
241 2711 320 2771 quae
336 2686 469 2753 noudum
486 2695 557 2752 suut
576 2709 785 2769 praenoscere
804 2711 842 2753 ac
864 2710 944 2770 quae
966 2692 1122 2754 dissoluta
1136 2697 1209 2753 sunt

106 2820 309 2885 cognoscere.

103 3053 188 3105 istoru
211 3051 297 3119 fecerat
313 3063 403 3116 nempe
422 3049 448 3099 in
466 3048 565 3100 diversa
583 3047 636 3101 eie·
671 3048 822 3116 omiserunt]
841 3043 1019 3112 δοκεῖμέγα,
1050 3040 1139 3111 μόνον
1158 3045 1207 3098 καὶ

105 3140 198 3201 menta,
217 3140 245 3186 ut
263 3151 295 3187 er
316 3132 523 3202 praecedentibus
541 3135 637 3200 (νιοῖον
671 3131 743 3186 κατὰ
768 3128 820 3200 sris
846 3131 952 3184 οἰκείαν
971 3131 1062 3200 [iieair.
1086 3124 1145 3182 κατ’
1164 3129 1205 3182 οἰ-

103 3221 160 3274 τῶν
186 3222 328 3287 arrupte»
347 3216 431 3286 μέρος
457 3216 584 3271 δέδεκται
603 3217 635 3272 sd
671 3217 750 3270 κείαν
762 3220 848 3268 conire
868 3215 939 3268 codd.
958 3207 1049 3283 mstoa]
1068 3212 1156 3282 φύσιν
1173 3211 1205 3267 τό

104 3303 204 3375 neore)
222 3307 338 3373 patescit.
374 3304 478 3356 Merene
499 3309 582 3357 autern
600 3306 637 3357 le·
671 3301 707 3356 sti
736 3299 872 3370 μέλλοντα
899 3296 1060 3366 γινώσκειν,
1093 3301 1150 3369 θεῷ
1175 3299 1205 3353 dr

104 3391 212 3458 gendum
233 3388 330 3440 videtur
348 3387 401 3449 εἰς
419 3384 451 3441 τό
470 3389 543 3453 πᾶν,
563 3405 637 3457 quma
671 3387 749 3458 μόνῳ
775 3384 807 3440 ro
826 3386 873 3440 scri
891 3387 982 3439 ταῦτα
1007 3385 1112 3441 εἰδέναι
1129 3381 1208 3453 ἀνοι-

103 3480 177 3530 nntsa
196 3475 289 3526 dicturo
308 3475 355 3525 sit:
375 3471 407 3526 τὸ
426 3476 464 3542 τῷ
482 3474 566 3527 παντὶ
584 3471 638 3526 ποί-
676 3468 1125 3542 βὲστεοονοὶνθρώιιοονκοιὶποός
1142 3469 1208 3526 τού·
1252 3476 1256 3483 ’

103 3565 147 3616 λιν
164 3559 318 3626 προσφυῶς
331 3553 484 3626 ἡνωμένον.
508 3560 640 3614 Reddidit:
676 3579 736 3621 τοις
753 3557 801 3613 ναὶ
820 3556 854 3611 τοὶ
869 3556 1040 3613 διολοθέντο
1049 3554 1120 3625 πρὸς
1137 3561 1210 3612 ποῖοι

103 3651 259 3717 ,postquam
284 3645 370 3711 idem
398 3659 525 3713 corpus
550 3646 575 3697 in
595 3661 639 3695 ra·
675 3635 890 3711 μετακιχοὶρηνέ.

104 3735 156 3788 rtss
176 3730 289 3784 universi
314 3734 400 3799 peries
417 3730 564 3799 dissipatum
584 3731 641 3783 ius·
744 3730 787 3782 27.
806 3730 856 3798 τῷ]
894 3728 991 3781 Pendet
1017 3731 1047 3782 sb
1072 3723 1113 3782 ἐπ’
1139 3729 1210 3798 ἴσης.

104 3819 167 3872 nit-‘⁴
677 3817 707 3869 G.
727 3818 758 3868 1:
777 3809 818 3868 ἐπ’
833 3814 965 3882 torpescis
977 3806 1211 3884 ἆμφιβοὶλλονσιν.

173 3901 216 3954 26.
229 3893 317 3954 Ὅσον
328 3895 444 3967 proper
456 3898 640 3961 art.]Scho-
676 3900 795 3954 Editores
819 3895 859 3953 ἐπ’
890 3900 1091 3953 tcommntea
1128 3899 1211 3954 dativo

103 3989 179 4044 lion
203 3988 231 4040 iu
257 4000 337 4051 marg.
362 3984 554 4050 Pur.1(nuanu
577 3998 643 4036 seeo.
676 3987 715 4054 τῷ
752 3987 839 4054 inepte
876 3986 1051 4040 seiunxerunt.
1093 3987 1154 4041 Aet.
1186 3991 1215 4039 et

103 4077 156 4144 11)
191 4077 219 4126 ci
245 4072 278 4125 2:
321 4064 492 4137 Ἀνθρώποιο
521 4065 643 4137 μὲνγὰρ
677 4071 792 4125 Nunnius
810 4068 843 4124 to'
862 4071 910 4140 τῷ.
936 4070 1007 4126 Idem
1026 4071 1215 4141 cdiaerpemes

103 4161 191 4217 τοῦτο
211 4156 290 4228 [hauc
308 4170 395 4210 recem
412 4156 473 4210 Pur.
492 4155 548 4209 tat
564 4155 646 4210 Decio
678 4153 810 4227 precipuae
828 4157 928 4212 vitiose.
