2708 4666
326 197 383 259 oli
400 196 733 260 RESURRECTIONE
747 196 1002 262 nionruobubi
1157 196 1225 263 2³5

118 373 192 434 sunt
212 369 388 448 bominibus
423 371 606 447 exhibeant,
634 371 814 446 neutiquam
840 386 918 430 vero
946 371 990 431 ita
1020 378 1224 452 comparatae

118 483 183 543 sint
206 484 242 542 nt
263 481 438 541 bominibus
459 483 600 556 utantur;
622 479 671 539 ias
694 480 773 539 enim
795 496 898 557 usque
915 480 975 541 fuit
993 498 1093 558 neque
1113 487 1168 544 est
1187 485 1222 546 iti

119 593 204 669 quod
236 593 370 669 imperat
394 595 427 651 et
447 589 652 668 principatum
676 593 763 648 tenet
784 590 824 649 ad
851 608 938 651 usum
960 591 1142 653 inferiorum
1164 595 1222 654 ‹ie-

119 702 235 778 iioere,
259 706 313 762 aut
334 702 418 776 quoii
433 702 555 760 ratione
571 701 668 760 utitur
680 699 777 760 rebus
798 701 929 760 rationis
943 704 1127 780 expertibus
1144 707 1222 765 sub·

119 813 264 888 mittere,
291 812 413 899 minime
439 811 521 888 aptis
551 811 592 870 aui
622 810 841 886 imperantium.
885 810 1088 879 Quamobrem
1114 815 1142 873 si
1164 832 1221 876 nee

119 923 188 983 sine
211 938 305 981 causa
330 926 363 981 et
378 921 497 981 frustra
523 924 647 980 oreatus
668 922 718 979 est
743 919 835 978 bomo
858 918 950 992 (nihii
971 923 1050 981 enim
1068 925 1150 984 inter
1171 928 1222 986 ni-

119 1031 194 1092 vina
218 1046 315 1107 opera
338 1031 465 1110 inutile,
498 1034 643 1107 quantum
666 1030 705 1089 ad
728 1031 863 1090 auctoris
886 1033 1046 1092 oonsiiium
1076 1038 1221 1116 spectat),

119 1158 180 1202 neo
208 1141 248 1200 ob
274 1159 358 1201 usum
382 1142 480 1219 ipsius
509 1143 661 1200 creatoris
692 1142 747 1199 aut
777 1140 907 1200 alterius
937 1143 1104 1220 cuiuspiam
1126 1148 1174 1206 rei
1201 1167 1219 1208 a

120 1253 183 1313 deo
211 1251 373 1327 conditae,
403 1251 502 1327 liquet
526 1251 630 1327 deum,
658 1250 686 1309 si
707 1251 805 1327 prima
833 1254 865 1309 et
895 1251 988 1311 iatius
1009 1259 1120 1330 patens
1144 1274 1221 1317 con·

120 1363 279 1424 sideretur
306 1362 407 1437 ratio,
434 1364 567 1438 propter
596 1361 732 1438 seipsum
764 1363 797 1419 et
827 1361 998 1420 siuoentem
1024 1365 1055 1423 in
1080 1349 1220 1429 omnibus

119 1473 222 1551 ipsius
246 1472 393 1548 operibus
421 1469 591 1529 bonitatem
618 1473 651 1529 et
673 1471 856 1547 sapientiam
878 1472 1042 1532 adductum
1066 1474 1166 1537 fuisse
1187 1482 1221 1539 ut

120 1583 274 1644 bominem
292 1580 422 1656 iaceret,
443 1580 472 1638 si
485 1596 562 1638 vero
583 1581 715 1657 propior
736 1584 768 1639 et
790 1581 868 1657 ipsis
885 1582 1087 1659 [bominibus]
1106 1591 1221 1649 creatis

119 1694 253 1754 interior
276 1693 358 1750 ratio
389 1692 564 1768 spectetur,
593 1693 725 1767 propter
748 1691 886 1767 ipsorum
914 1698 1089 1753 creatorum
1115 1697 1220 1775 vitam,

121 1820 202 1880 quse
227 1802 348 1877 quidem
371 1817 428 1859 non
447 1801 486 1859 ad
507 1800 604 1858 breve
627 1802 749 1877 tempus
774 1803 996 1884 succendatur,
1018 1808 1129 1882 postea
1153 1824 1220 1866 om-

120 1915 193 1974 nino
230 1912 455 1988 exstinguatur.
498 1910 674 1986 Reptiiibus
704 1912 801 1989 enim,
830 1913 958 1991 opinor,
985 1919 1017 1975 ot
1039 1917 1219 1979 volatilibus

119 2197 214 2255 ἴαινον
232 2196 384 2264 ἄνθρωπος
400 2195 510 2265 γέγονεν
528 2192 656 2264 ἐποίησιν
689 2198 749 2250 iacit
767 2197 845 2266 deus,
863 2214 907 2252 res
925 2204 965 2253 esi
983 2216 1031 2269 per
1049 2218 1076 2256 se
1097 2209 1219 2272 expeten-

120 2281 137 2340 α’
155 2282 234 2350 θεός,
254 2286 282 2340 sl
297 2283 335 2353 μή
352 2278 504 2352 ἄνθρωπος
520 2278 654 2349 ἐγεγόνει·
689 2283 747 2336 ds.“
783 2285 888 2352 Pasdag.
910 2287 929 2337 i.
948 2303 969 2340 e.
989 2286 1014 2339 3.

119 2371 168 2426 καὶ
194 2365 229 2440 ἣν
256 2371 318 2439 (leg.
341 2363 389 2438 ἦν)
421 2366 491 2436 εἶχεν
523 2366 655 2422 ἐναπονι·
757 2368 799 2423 25.
818 2367 880 2439 τὸν]
900 2370 980 2422 Deesi
996 2373 1059 2438 Arg.

122 2457 282 2524 ιονμμὲνην
300 2453 378 2522 loliis
401 2457 440 2526 τῷ
459 2451 612 2525 βούλεσθαι
639 2449 655 2507 ὁ
757 2454 798 2508 26.
817 2454 879 2519 τὰν]
897 2457 960 2523 Arg.
974 2453 1016 2510 tri.
1035 2460 1157 2528 olorum
1169 2457 1220 2515 λα’·

120 2541 207 2607 θεός,
231 2542 281 2597 osni
305 2545 356 2611 τῆς
385 2539 490 2607 ἔξωθεν
514 2541 566 2594 τοῦ
590 2540 655 2607 (leg.
689 2557 739 2609 γον
756 2543 815 2595 sen
835 2538 935 2609 λόγοις.

120 2627 168 2697 τὸ)
185 2627 369 2697 πεποιηκέναι
388 2623 655 2695 operosissimis
756 2629 799 2681 27.
817 2630 984 2700 γενομένων]
1004 2632 1068 2699 Arg.
1083 2633 1221 2700 γεννωμέ-
1333 2652 1337 2664 ·

121 2712 278 2781 δυνάμεως,
295 2711 389 2783 λαβών
405 2710 482 2781 παρὰ
501 2707 655 2777 ανθρώπου
689 2734 746 2769 νων
764 2720 802 2780 (n.
823 2716 880 2784 15).

122 2795 138 2856 ὃ
156 2803 309 2870 πεποίηκεν
322 2803 384 2867 iieg.
402 2792 434 2861 ὃς
448 2799 598 2866 πεποίηκεν
617 2797 657 2850 sei
756 2801 798 2854 28.
818 2798 890 2866 εἶτα]
904 2803 962 2855 Aoi.
980 2799 1061 2858 εἶναι.
1080 2805 1130 2857 Pro
1143 2806 1222 2875 σβεν-

122 2883 328 2955 ὅπιποιηκώς)
356 2880 524 2953 ἄνθρωπον,
550 2883 596 2938 καὶ
623 2877 656 2938 ὃν
690 2885 819 2955 ννμένην,
838 2888 903 2957 quod
917 2890 944 2941 in
959 2892 1055 2942 conciis
1068 2890 1139 2942 cedd.
1149 2894 1221 2952 sistis
1288 2891 1294 2905 '

122 2971 194 3043 ripas
219 2971 291 3029 εἶδεν
317 2975 382 3041 (leg.
405 2973 453 3027 sni
476 2965 529 3026 οοίι
555 2961 591 3039 ἦν
614 2971 655 3023 εἰ·
691 2979 788 3040 exstat,
811 2974 926 3027 Nunnius
944 2973 1147 3043 οονενννμένην
1165 2978 1223 3044 (sis,

121 3065 202 3116 πεῖν·
227 3058 315 3127 siuas)
340 3059 388 3113 sai
413 3055 525 3127 γέγονεν
545 3050 560 3109 3
583 3052 655 3123 ἤθε’·
690 3062 749 3112 Aet.
762 3058 957 3127 ονεννομένην,
976 3061 1115 3130 -νῑβε
1132 3061 1221 3130 Suppi.

122 3151 217 3217 ἰησιν·
253 3143 335 3201 οὐδὲν
370 3141 400 3201 bi
429 3137 506 3212 ὃμῆ
537 3139 656 3196 δύναται
690 3160 711 3196 e.
729 3144 770 3197 30.
789 3146 874 3208 mio,
898 3146 955 3198 soii.
973 3146 1049 3212 Corp.
1068 3145 1222 3213 Apotivni.

120 3231 199 3296 θοός.
233 3228 266 3287 Ὁ
289 3228 441 3298 ἄνθρωπος
460 3226 531 3296 ἄρα,
557 3222 590 3283 ὃν
608 3247 656 3282 πε·
690 3229 736 3282 iii.
750 3230 827 3283 Proii.
845 3246 870 3300 p.
878 3231 959 3298 iiiiii)
978 3231 1056 3296 legit:
1077 3229 1144 3283 uode
1161 3233 1221 3284 Ste-

121 3319 239 3386 ποίηιιεν
264 3311 279 3371 ὁ
301 3312 387 3384 θεός,
411 3316 447 3370 δι’
466 3311 553 3370 αοίὁν
579 3314 656 3381 nipa—
690 3316 786 3383 pharius
810 3331 856 3368 suo
887 3317 1009 3368 arbitratu
1033 3317 1222 3389 οννιισβιινο-

122 3400 174 3458 τόν
193 3400 276 3456 ἐστιν.
312 3402 419 3470 ,Reque
437 3403 502 3455 enim
518 3401 578 3454 iiiud
596 3416 656 3471 pro·
689 3399 775 3470 μένην
793 3403 885 3469 eiecit,
903 3401 928 3454 id
943 3401 1048 3470 quadiu
1062 3418 1150 3456 omnes
1168 3404 1223 3457 edi-

121 3495 181 3558 pier
200 3489 266 3558 quii
283 3490 357 3541 bomo
375 3490 454 3542 iscius
469 3490 560 3541 inisset
573 3489 655 3541 iacere
690 3491 772 3541 tiones
805 3490 920 3551 transiit,
946 3492 1051 3556 excepta
1076 3489 1222 3544 Mureniana

122 3575 186 3630 deas
203 3576 329 3644 potuisset
350 3574 438 3641 aliter,
460 3575 509 3626 nisi
527 3575 599 3625 horno
618 3574 655 3625 ia·
690 3575 731 3628 ubi
750 3576 857 3643 genuina
876 3575 985 3643 reposita
1004 3580 1044 3628 esi
1060 3576 1144 3632 iesiio.

121 3663 178 3715 etus
202 3661 310 3725 iuissst3
334 3660 380 3712 seii
406 3662 427 3712 si
454 3661 592 3728 petentium
611 3673 656 3709 vo·
756 3660 799 3712 is.
816 3654 959 3727 Ἐρασταῖς
970 3665 1041 3725 aab]
1060 3662 1224 3716 Soboiion

119 3746 197 3801 lensio
221 3760 369 3814 suspensam
395 3749 420 3798 ei
440 3745 592 3797 reconditum
611 3745 656 3796 ba·
689 3744 715 3796 io
733 3760 811 3811 marg.
838 3746 896 3798 Par.
916 3745 1016 3798 1et2:
1043 3739 1086 3800 oi
1109 3743 1161 3813 poio
1185 3744 1222 3800 δι’

118 3833 235 3896 huiusi,
266 3846 330 3900 spus
356 3846 429 3883 suum
455 3845 502 3899 per
527 3834 656 3882 salernam
690 3827 777 3882 ἑαντοὶ
794 3832 884 3883 ταῦτα
902 3833 1058 3898 παρῆκται,
1084 3827 1154 3886 ἄλλα
1171 3834 1223 3901 τῆς

118 3919 259 3988 potentiana
277 3915 482 3984 adimplevisssi,
500 3917 530 3968 ab
555 3916 655 3967 homine
690 3911 790 3982 ἑτέρων
806 3918 914 3981 χρείας·
933 3915 977 3971 διδ
994 3919 1042 3973 sui
1058 3920 1109 3986 τῆς
1129 3913 1223 3973 αὐτῶν

118 4004 247 4073 abripiens
267 4003 374 4057 bominis
388 4002 516 4069 eonditor,
541 4015 588 4053 nes
607 4001 655 4053 iam
689 4001 782 4068 χρείας
794 3994 1073 4072 οἱχρειονμένηςιατὰ
1087 4000 1138 4057 τόν
1152 4001 1188 4069 μέ
1204 4031 1220 4039 -

118 4087 207 4144 (iissre
237 4103 387 4158 possemus:
419 4088 483 4142 dixit
511 4091 538 4140 ei
565 4087 657 4140 irrisum
691 4089 776 4139 iussn
790 4085 881 4140 ninive
900 4083 967 4144 ossi
987 4091 1039 4159 τῆς
1053 4088 1222 4155 satiaturus

120 4179 162 4231 est
180 4173 248 4246 quei
263 4175 350 4230 reiuit
382 4175 465 4240 Quare
477 4173 562 4241 bonae,
582 4187 656 4241 quen
690 4170 884 4251 ναιαξιοῦται.
