2708 4666
322 232 327 250 ,
354 169 408 235 Μ
430 170 764 235 RESURRECTIONE
784 170 1041 237 memborum.
1165 169 1229 238 283

124 344 189 405 tum
212 340 430 418 subiicieutcs,
456 345 561 405 studio
583 344 798 406 convenientis
828 344 924 406 rebus
948 344 1122 422 propositis
1144 345 1230 424 priu-

122 453 199 530 cipii
221 455 254 511 et
279 453 415 529 ordinis,
436 457 585 531 oportere
608 458 658 531 ut,
682 454 735 531 qui
756 457 931 516 creatorem
955 455 1084 515 buiusco
1101 455 1229 516 uuiver-

122 563 326 625 siarlmittuut
341 564 441 638 deum,
461 563 552 626 buius
565 565 740 643 sapientiae
752 565 936 626 etiustitiae
952 581 1081 643 operum
1096 565 1229 638 omnium

120 673 294 734 custodiam
314 676 347 732 ct
362 673 590 749 providentiam
606 675 778 752 assignent,
800 675 829 734 si
845 675 968 750 quidem
983 674 1013 733 in
1029 675 1095 735 suis
1110 674 1230 752 princi·

120 784 185 861 piis
198 798 383 861 permanere
400 781 508 862 velint,
523 786 557 842 et
571 787 615 860 ut,
629 801 721 861 quum
736 786 775 845 de
792 784 842 844 bis
859 785 903 844 itu
918 784 1064 859 sentiunt,
1077 783 1156 844 nibil
1171 800 1230 846 ue·

120 909 183 969 que
199 895 231 953 iu
257 892 348 952 coelo
364 908 465 967 oeque
481 893 609 953 interra
630 895 865 972 gubernationis
885 898 917 954 et
937 892 1155 972 providentiae
1168 909 1229 954 ex·

120 1018 197 1084 pers
209 1003 397 1077 existiment,
417 1002 526 1062 sedad
540 1003 640 1062 omnia
662 1005 732 1063 sive
749 1005 881 1064 latentia
902 1006 970 1065 sive
984 1004 1016 1065 iu
1036 1003 1148 1080 operto
1169 1017 1229 1063 ex·

120 1110 337 1188 stantia,‘sive
358 1128 457 1188 parva
474 1112 542 1172 sive
559 1129 685 1189 magua,
705 1115 956 1191 procurationem
975 1112 1129 1174 creatoris
1151 1127 1229 1190 per·

120 1225 416 1298 meareaguoscant
440 1221 543 1299 ligent
556 1223 751 1283 enimomnes
767 1240 819 1283 res
836 1227 963 1284 creatae
979 1223 1133 1284 creatoris
1148 1238 1228 1300 pro·

119 1333 293 1408 curatione,
309 1332 512 1410 peculiariter
528 1335 631 1392 autem
647 1349 850 1408 unaquaeque
864 1336 959 1410 prout
972 1350 990 1391 a
1008 1335 1119 1395 natura
1134 1333 1228 1395 iusti·

120 1442 188 1502 tuta
209 1444 261 1503 est
275 1447 309 1502 et
335 1442 376 1501 al
392 1443 476 1517 quod
488 1443 632 1503 instituta
646 1446 710 1516 est;
734 1444 821 1517 atqui
833 1443 1032 1520 praeposteri
1046 1443 1142 1504 studii
1153 1459 1228 1505 osee

118 1551 259 1611 arbitror
281 1552 383 1626 [illas]
409 1551 527 1612 inferre
551 1569 631 1614 nunc
652 1555 706 1613 aut
730 1553 871 1613 dividere
892 1556 947 1612 aut
971 1553 1043 1629 qnid
1064 1554 1228 1631 uuicuique

119 1664 253 1723 naturae
267 1662 613 1723 conveniatreceusero
636 1661 729 1723 velle.
773 1662 871 1722 Homo
891 1666 986 1739 certe,
1009 1663 1048 1722 de
1064 1679 1126 1738 quo
1147 1680 1228 1726 auno

121 1921 216 1960 reeens
248 1906 279 1958 erl
306 1906 419 1959 Platonis
447 1895 590 1960 Phaedrum
617 1907 654 1975 [p.
692 1910 777 1959 atores
795 1909 911 1976 (praeter
927 1907 1076 1976 bominem).
1109 1907 1226 1962 Pertieu·
1290 1904 1292 1908 ⁸

119 1990 173 2046 265
190 1992 223 2046 R.
243 1991 283 2044 ed.
303 1990 422 2060 Stepb.],
450 1993 491 2044 ubi
509 1993 544 2045 nil
562 1994 655 2045 Socre-
691 1993 713 2044 le
731 1994 783 2046 νῦν
800 1992 874 2046 deest
898 1994 923 2044 iu
942 1992 1054 2047 01ιι.2.

121 2082 163 2129 tes
195 2080 312 2145 oportere
340 2079 366 2129 in
392 2076 540 2144 dispulanlo
565 2077 596 2130 de
627 2092 655 2129 re
759 2077 800 2131 17.
815 2072 852 2133 Ὅ
868 2096 896 2146 γε
915 2074 972 2146 μῆν
985 2072 1138 2145 ἄνθρωπος
1154 2083 1225 2144 κτλ.)

121 2162 234 2231 quelibet
263 2159 296 2215 τδ
321 2157 380 2213 κατ’
412 2161 473 2229 είδη
498 2161 657 2228 διυτίμνειν
692 2164 852 2217 Scholion
877 2165 901 2215 in
928 2178 1007 2230 marg.
1036 2164 1225 2219 Par.1e12:

121 2243 183 2302 κατ’
208 2242 304 2317 ἀρδρα
331 2239 351 2317 ᾖ
378 2245 503 2315 πέφυκε,
537 2248 585 2301 καί
617 2246 655 2317 μῆ
691 2245 930 2314 Διεξοδικοίτερον
951 2247 1015 2315 περί
1039 2243 1226 2313 ἀναστάσεως,

119 2332 268 2402 ἐπιχειρεῖν
302 2335 473 2400 καταγνῦναι
494 2333 579 2401 με’ρος
599 2353 655 2402 μῆ·
691 2329 736 2388 ὅτι
755 2332 912 2403 ἀναγκαίως
936 2335 983 2388 καί
1000 2333 1176 2404 καταλλήλας
1191 2338 1226 2404 τῆ

122 2418 187 2489 δέν,
212 2423 300 2475 κακοῦ
317 2422 452 2489 μαγείρου
471 2417 565 2492 τρόπῳ
581 2416 656 2489 γρά-
691 2416 858 2492 ἀνθρωπίνῃ
879 2417 963 2488 φύσει
983 2416 999 2489 ἡ
1018 2416 1171 2491 ἀναβίωοις
1191 2417 1226 2476 ἀ-

122 2524 218 2576 μενον.
253 2509 333 2573 Qucm
357 2505 388 2558 ιδ
414 2508 495 2559 ίοιιιιιι
515 2508 604 2560 Cicero
631 2509 657 2560 in
692 2503 818 2561 πόκειται
847 2502 928 2578 ιιίτῆ.
975 2503 1089 2575 Elpeio
1123 2503 1226 2580 ἀφάτρν

118 2592 187 2646 libro
205 2592 243 2645 Dc
267 2590 360 2645 finibus
378 2592 402 2644 ll
421 2593 561 2660 respiciens
579 2593 655 2647 elicit:
691 2594 852 2664 προμηθείᾳ
880 2595 932 2647 τοῦ
950 2588 1138 2663 πεποιηκότος
1158 2588 1226 2650 ίπὲ·
1250 2628 1260 2653 ι

122 2680 197 2746 „lloe
216 2683 256 2731 cst
273 2693 324 2731 nou
341 2678 454 2732 dividere
470 2679 515 2732 sod
539 2681 657 2748 frangere
692 2695 743 2746 στῆ
768 2681 855 2746 θεοῦ,
882 2678 929 2733 καί
953 2680 999 2736 δεῖ
1021 2698 1051 2749 γι
1067 2679 1156 2751 ταύτῃ
1175 2682 1226 2750 τῆς

121 2766 207 2819 rem.“
242 2766 278 2817 nt
300 2780 362 2817 ιντο
386 2765 476 2818 melius
499 2764 531 2817 ιδ
552 2771 655 2820 seuten—
693 2763 750 2822 ἀτά
765 2768 816 2821 τοῦ
829 2763 987 2830 πίάοαντος
1003 2767 1153 2835 διηνεκοῦς
1164 2763 1225 2822 lus-

122 2854 182 2906 tiam
191 2851 369 2917 Athenagorae
384 2851 490 2919 quadret
504 2849 564 2903 illud
578 2857 656 2905 msto·
691 2854 800 2922 μείείας
818 2850 988 2919 ἀξιοῦσθαι,
1007 2847 1098 2920 οἷσπερ
1117 2854 1226 2922 τροφῆς

121 2953 179 2990 rum
205 2933 353 3003 κατάγειν,
377 2935 452 3003 idque
469 2936 558 3006 procul
582 2936 656 2989 dubio
691 2935 739 2992 διά
763 2935 815 3006 τῆν
837 2936 927 3007 ζωήν,
950 2939 1083 3006 διαδοχῆς
1109 2936 1158 2992 διά
1176 2937 1226 3006 τῆν

123 3022 269 3089 genuinum.
305 3021 377 3073 Valet
390 3022 516 3074 διδιιοοντ
531 3037 549 3073 ο
571 3023 657 3088 cupite
691 3025 742 3077 τοῦ
768 3021 865 3091 γένους
896 3022 1049 3091 διαμονήν,
1075 3017 1150 3077 οὕτω
1176 3025 1227 3080 καί

123 3111 158 3161 οδ
172 3107 260 3174 finem,
279 3122 321 3158 rer
335 3123 352 3158 c
365 3109 454 3173 primo
471 3122 554 3174 oeque
567 3109 601 3158 ccl
613 3108 656 3159 ul-
692 3110 771 3176 δίκης
787 3107 835 3162 διά
854 3106 885 3161 eo*
906 3110 956 3176 τῆς
973 3109 1082 3176 τροφῆς
1100 3107 1147 3161 καί
1164 3108 1225 3162 δια·

124 3195 217 3246 timum
235 3191 336 3259 (Stepb.
363 3192 439 3244 l'bes.
465 3208 503 3258 gr.
528 3193 587 3259 ling.
614 3192 655 3244 ed.
692 3196 775 3262 δοχῆς
807 3191 932 3260 ἔννομον.
977 3189 1093 3246 Τούτων
1118 3189 1148 3246 δὲ
1173 3195 1225 3264 τῆς

124 3279 153 3333 (l.
173 3279 206 3332 Β.
227 3278 296 3331 Rase
321 3293 343 3331 e.
366 3277 419 3345 n),
454 3278 494 3330 vel
518 3280 657 3345 adducere,
692 3283 798 3348 τροφῆς
822 3280 871 3334 καί
898 3281 947 3348 τῆς
964 3280 1102 3348 διαμονῆς
1121 3275 1168 3334 lut
1191 3276 1226 3334 τά

121 3365 225 3433 inferre
243 3364 314 3430 (Ast.
330 3363 394 3416 Lex.
410 3365 473 3417 l’lot
491 3379 512 3416 s.
527 3365 574 3431 u).
592 3365 657 3417 Plrt.
691 3361 904 3432 συναμφότερον
918 3364 1090 3432 φερομένων,
1102 3362 1224 3422 lettori-

121 3450 193 3503 llen.
216 3463 243 3516 p.
267 3447 301 3501 80
322 3448 358 3502 Ει
390 3443 459 3515 ὁρᾶς
490 3451 592 3503 τοῦτον
620 3445 657 3511 ἀς
691 3471 742 3507 του
767 3453 818 3507 τοῦ
844 3450 1059 3520 συναμφοτέρων
1080 3453 1157 3524 φυγῇ
1174 3452 1223 3508 καί

122 3529 263 3602 ίριοτικάν
275 3530 356 3601 λόγον
369 3531 513 3603 κατάγεις,·
531 3537 657 3590 ubiBult-
692 3537 799 3606 σώματι
812 3537 860 3592 καί
876 3535 927 3606 τῆν
946 3540 1026 3606 δίκην
1043 3536 1222 3608 ἀπαραποδί·

121 3635 230 3674 mannus
254 3615 388 3688 παριίγεις
405 3624 564 3691 requirebpt,
590 3622 657 3691 quod
692 3623 917 3692 οταςφίρεοθαι.
934 3626 1009 3679 ΑΙὶιιδ
1025 3627 1178 3681 scholion
1194 3628 1222 3681 iu

121 3711 208 3759 tamen
230 3705 390 3760 librariorum
411 3713 481 3761 earet
503 3711 657 3762 testimonio.
692 3712 791 3764 Par.1:
812 3705 884 3765 Οίίτε
898 3710 1159 3782 γάροίίίηίοφαγεῖν
1175 3715 1221 3767 δί·

123 3791 211 3860 comp.
231 3793 312 3844 nostri
329 3793 461 3861 scriptoris
474 3794 564 3863 Soppl.
582 3812 603 3849 c.
622 3795 655 3848 1:
691 3815 782 3860 καιον,
799 3792 851 3851 οίκ
868 3794 898 3851 ίκ
915 3798 965 3866 τῆς
977 3796 1081 3866 ἑτέρων
1097 3794 1222 3868 ἀρπογῆς

122 3878 228 3938 δυοίας
253 3873 422 3945 κατάγουσιν
451 3872 485 3942 ἀς
502 3875 538 3935 ἀν
563 3879 656 3936 er'to-
690 3884 738 3937 καί
753 3884 914 3949 πλεονεξίας
938 3881 989 3952 τῆν
1012 3882 1121 3940 ἑαυτῶν
1142 3883 1222 3939 tirno·

123 3980 169 4017 οιν
186 3956 337 4030 ἄνθρωποι
354 3963 400 4019 καί
418 3963 567 4036 μυστήρια.
595 3971 656 4023 Corn
691 3971 776 4037 ρίζειν
793 3967 922 4039 τροφῆν,
961 3964 1000 4034 ἀς
1026 3968 1092 4026 cett
1113 3968 1143 4026 ίκ
1164 3970 1222 4023 τόν

123 4045 261 4118 κατάγειν
283 4053 309 4103 el
334 4050 455 4116 διαιρεῖν
474 4054 578 4108 subaudi
602 4057 657 4110 uoi-
693 4049 815 4111 ἀνοαίων
842 4053 939 4124 γάμων
968 4053 1021 4125 τῆν
1044 4057 1097 4112 τοῦ
1123 4053 1222 4124 γένους

123 4126 172 4191 τιν’
184 4132 277 4191 πάντα
291 4131 326 4189 τά
343 4133 486 4207 γινόμενα,
505 4156 657 4196 emneeere·
693 4136 866 4208 ἀνευρίσκειν
885 4139 1026 4209 διυδογῆν.
