2708 4666
493 187 875 267 Pnonnoontuttc.
1161 223 1235 281 nvn

218 376 262 449 ln
286 378 597 451 conclusione
618 382 666 472 (c.
686 381 753 471 37)
776 400 932 469 aequum
959 402 1043 454 esse
1068 387 1156 459 dicit
1181 399 1232 487 nt,
1277 367 1284 379 ’

119 523 230 593 quum
246 521 372 573 omnes
388 501 661 573 criminationes
680 510 809 574 contra
829 502 1059 578 Christianos
1075 514 1231 587 collutos

120 626 292 720 diluerit,
313 627 557 718 imperatores
580 628 747 717 petitioni
767 648 837 719 pro
862 647 929 698 sua
959 629 997 698 in
1018 652 1143 705 omnes
1157 635 1231 710 hu-

121 752 295 823 munitate
321 752 495 822 adnuunt.

245 971 303 1060 2„
331 969 393 1041 De
416 969 779 1042 resurrectione
804 978 1106 1045 mortuorum.

219 1124 485 1220 Athenagoras
513 1128 646 1200 dividit
660 1127 759 1198 hunc
774 1128 927 1224 librom,
951 1130 1052 1203 haud
1067 1135 1131 1205 diu
1148 1147 1233 1228 post
1307 1199 1308 1204 ,

120 1251 436 1343 Supplicationem
454 1260 665 1345 exaratum,
689 1251 728 1321 in
744 1260 871 1342 partes
886 1257 1001 1347 duas,
1026 1279 1180 1346 quarum
1195 1263 1233 1332 in

117 1375 239 1466 prima
269 1377 403 1447 allatas
434 1378 481 1445 ab
512 1376 739 1448 adversariis
773 1377 819 1445 tle
846 1381 1118 1452 resurrectione
1149 1384 1233 1474 opi-

117 1500 251 1570 niones
269 1498 426 1592 refellit,
458 1500 496 1569 in
529 1503 649 1571 altera
669 1498 906 1572 christianam
930 1503 977 1573 de
1008 1506 1138 1578 eadem
1160 1510 1233 1581 do-

117 1623 276 1695 ctrinam
291 1625 517 1713 argumentis
534 1622 734 1695 confirmat
770 1622 885 1710 Quem
902 1627 1048 1716 quidem
1066 1632 1232 1705 ordinem

121 1749 304 1821 observat
316 1746 403 1819 hnic
422 1747 469 1818 de
486 1750 759 1825 resurrectione
776 1751 1057 1840 pertractationi
1074 1754 1230 1830 maxime

123 1871 323 1944 convenire
347 1872 398 1963 (o.
418 1872 471 1960 1).
602 1911 605 1917 ·
938 1957 941 1962 Ι

213 1994 253 2066 i.
304 1994 346 2065 In
370 1996 489 2086 prium
517 1998 629 2088 igitur
657 2007 765 2089 parte
789 1997 949 2068 ostendit
971 1994 1094 2068 nihil
1122 2021 1231 2074 esse
1326 1992 1328 1996 ’

126 2141 240 2209 qnare
265 2121 474 2191 adversarii
503 2122 671 2199 dubitent
702 2143 750 2192 an
779 2139 938 2207 corpora
960 2119 1142 2192 hominum
1167 2145 1234 2197 re·

126 2243 225 2315 stitui
244 2243 395 2335 possint
448 2245 588 2316 Statuit
604 2264 671 2314 eos
688 2243 749 2330 qui
766 2241 1074 2325 resurrectionem
1085 2245 1233 2338 ·impos-

127 2367 270 2439 sihilem
304 2367 447 2463 dicunt,
495 2368 527 2438 si
555 2387 679 2438 rernm
713 2384 861 2434 causam
898 2365 970 2434 deo
1009 2368 1234 2465 adscribant,

127 2492 382 2565 demonstrare
416 2494 557 2563 dehere
590 2491 697 2560 deum
726 2493 790 2559 aut
816 2506 890 2556 non
911 2496 1023 2579 posse
1045 2498 1109 2562 aut
1132 2495 1234 2565 nolle

128 2623 291 2689 mortuos
326 2616 376 2687 ad
406 2615 520 2686 vitam
553 2630 744 2685 revocare.
807 2610 1009 2703 Utrumque
1033 2635 1127 2688 vero
1152 2636 1237 2690 esse

130 2739 337 2811 absurdum
463 2729 466 2735 ’
1305 2825 1308 2828 .

226 2861 324 2934 Nam
350 2868 391 2932 nt
425 2863 516 2930 dens
551 2860 695 2930 dicatur
717 2859 1029 2950 resurrectionem
1053 2862 1235 2953 perticere

130 3006 200 3057 non
216 3006 340 3079 posse,
364 2984 618 3073 denegandam
640 2982 675 3053 ei
700 3002 783 3052 esso
802 2983 865 3052 vel
885 2982 1075 3055 scientiam
1097 2989 1159 3056 vel
1172 2987 1237 3058 fa·¹

130 3113 311 3181 cultatem.
346 3109 398 3178 At
415 3126 532 3192 neque
553 3107 659 3176 deum
673 3107 849 3195 ignorare
869 3106 1056 3192 quomodo.
1076 3126 1236 3195 corpora
1285 3161 1286 3166 ,
1317 3177 1321 3184 ,

129 3237 173 3305 ad
197 3235 313 3304 vitam
338 3237 578 3322 revocentur,
602 3231 664 3320 qui
686 3229 833 3299 noverit
856 3231 1038 3315 quomodo
1063 3230 1100 3298 in
1119 3230 1238 3319 prima

130 3357 367 3447 generatione
393 3352 644 3424 formarentur
671 3355 722 3440 (c.
740 3353 798 3444 2),
824 3370 942 3441 neque
956 3354 1087 3424 deesse
1113 3354 1148 3426 ei
1165 3375 1237 3446 po·

129 3486 299 3552 testatem
324 3497 485 3568 corpora
510 3477 747 3570 restituendi,
780 3475 837 3547 cui
863 3475 975 3548 fuerit
1004 3474 1171 3569 potestas
1193 3500 1240 3554 ou

129 3603 278 3677 mandi
304 3604 357 3693 (c.
375 3602 432 3692 3).
803 3605 806 3609 ’

227 3724 461 3796 Obiiciehant
484 3733 606 3796 autem
632 3725 812 3797 increduli
835 3728 1015 3797 elementa
1042 3746 1241 3817 corporum

127 3850 366 3922 humanorum
393 3850 490 3919 inter
515 3870 555 3919 se
579 3850 742 3940 misceri,
769 3870 878 3940 quum
903 3851 1050 3922 helinae
1075 3849 1241 3921 homines

126 3976 310 4048 interdum
344 3975 529 4045 devorent
565 3982 602 4044 et
629 3976 677 4045 ah
716 3974 762 4044 iis
797 3974 958 4045 vicissim
983 3960 1241 4064 comedantur3

126 4101 213 4191 quin
237 4100 410 4191 exempla
443 4105 593 4170 exstare
624 4096 810 4173 hominum
837 4099 964 4190 quise
989 4097 1243 4171 invicemde-
