2708 4666
308 180 570 269 surrucnrro
592 199 671 262 eno
693 197 954 262 ouumrmurs.
1066 254 1069 268 ,
1119 196 1182 264 coo
1261 214 1268 221 ·

90 374 166 452 piter
196 371 320 434 torrida
346 374 485 434 essentia
514 374 681 434 secundum
711 372 851 449 Stoicos,
880 372 955 433 luno
983 389 1058 453 aar,
1087 373 1181 434 etiam

90 484 204 546 romine
232 483 260 543 si
288 483 389 560 ipsum
416 500 521 545 secum
549 483 754 560 coniungatur
773 481 837 542 unt
856 482 1029 559 enuntiato,
1058 481 1181 563 Neptu·

90 610 140 654 tus
160 596 265 671 potua.
308 592 373 653 Alii
389 609 465 652 voro
488 593 582 652 aliter
604 591 684 654 baec
707 594 747 653 ad
771 595 913 652 naturam
935 591 1091 669 referunt3
1112 595 1181 678 qui·

90 703 152 764 tam
173 703 252 764 onim
275 717 379 762 aerem
403 701 566 763 biformem
582 702 612 762 b.
636 718 667 763 e.
687 701 1001 763 masculo-seminam
1019 704 1182 781 appellant

90 813 204 886 Iovem,
231 812 286 872 alii
304 814 521 890 tempestatem
552 828 631 888 quse
661 814 783 889 tempus
808 813 952 889 serenat,
982 812 1064 872 unda
1093 814 1181 874 solus

90 922 247 983 Saturnum
278 922 395 1000 effugit.
439 921 503 981 Sed
532 923 573 981 ad
597 920 721 981 Stoicos
744 921 867 998 quidem
890 922 935 981 ita
956 922 1032 983 licet
1055 923 1178 985 dicere:

90 1032 222 1093 tionum
248 1032 335 1091 illum
364 1033 453 1092 deum
481 1032 533 1109 qui
563 1047 728 1110 supremus
750 1034 784 1092 ot
811 1031 946 1091 iniectus
974 1037 1008 1093 ot
1033 1036 1181 1095 aeternus
1230 1025 1238 1043 ‘

90 1146 131 1203 est
151 1143 340 1221 agnoscitis,
369 1142 498 1202 totidem
520 1145 624 1202 antem
639 1158 774 1219 corpora
797 1157 1000 1203 concrescere
1025 1147 1182 1220 qnotmu·

90 1254 181 1314 oriae
205 1253 391 1312 mutationes
417 1254 509 1328 fiunt,
537 1256 570 1312 et
597 1250 739 1329 spiritum
759 1252 828 1324 dei,
848 1252 899 1327 qui
924 1255 1085 1314 materiam
1103 1270 1181 1332 per·

90 1363 185 1439 radit,
204 1379 264 1440 pro
289 1362 385 1421 variis
406 1362 473 1421 eius
495 1363 716 1423 mutationibus
735 1360 821 1420 aliud
848 1364 942 1437 atque
966 1364 1052 1424 aliud
1071 1380 1181 1425 nomen

90 1472 189 1534 sortiri
220 1472 339 1532 dicitis:
378 1487 492 1549 corpus
520 1471 643 1548 quitiam
672 1469 722 1534 oei
756 1473 881 1550 species
911 1473 1062 1534 materiae
1096 1474 1182 1551 flent,

90 1582 306 1643 intereuntibus
333 1585 435 1641 autem
466 1582 497 1641 in
525 1582 768 1658 conflagratione
792 1582 955 1643 elementis
984 1600 1114 1645 necesso
1132 1589 1183 1646 est

90 1709 141 1754 ma
162 1709 231 1753 cum
249 1692 415 1770 speciebus
436 1691 559 1752 nomina
584 1691 731 1767 interire,
753 1692 823 1753 solo
843 1698 1045 1771 permanente
1067 1696 1181 1773 spiritu

90 1804 138 1865 tei.
177 1803 312 1874 Quorum
338 1803 435 1878 igitur
456 1817 622 1878 corporum
640 1801 807 1863 secundum
828 1805 988 1865 materiam
1011 1803 1182 1867 immutatio

90 2125 162 2175 taex
181 2121 240 2173 Par.
260 2121 283 2173 1.
302 2123 365 2187 Arg.
386 2118 459 2172 Boii.
474 2121 498 2171 1.
510 2118 535 2170 2.
554 2122 612 2173 ,tet
647 2125 765 2190 punctum
787 2121 923 2175 collocarit.
945 2150 977 2160 -
1012 2121 1086 2176 Bodl.
1108 2124 1132 2176 1.
1152 2122 1179 2178 2.

91 2207 181 2276 epesm
216 2221 262 2274 pro
287 2206 354 2273 vulg.
385 2201 479 2258 αἱΐόιόν
507 2223 537 2259 τε
564 2204 612 2259 καλ
647 2200 1083 2275 (1111.ἡτῆςὸληςαεχωρηαός,
1103 2209 1180 2261 omis-

90 2286 238 2362 ἓγέηηαον.
275 2291 463 2359 Saepenumero
486 2291 534 2343 ista
558 2293 611 2343 ior·
646 2292 682 2344 sis
706 2292 789 2345 verbis
812 2287 913 2360 α’λλαγὴ
939 2307 1019 2362 usque
1044 2292 1076 2346 ad
1100 2294 1125 2348 δ.
1155 2314 1179 2349 τ.

90 2378 142 2439 ante
161 2373 237 2447 cipis.
253 2396 278 2430 α.
297 2371 355 2429 tta.
380 2374 444 2445 aput
464 2377 610 2443 Athenago·
644 2374 719 2445 ὕλης.
763 2378 793 2431 ln
824 2381 884 2433 Aet.
908 2381 1004 2432 tentum
1031 2377 1104 2432 deest
1131 2394 1180 2433 vox

90 2478 127 2517 am
144 2464 283 2533 reperitur.
319 2463 358 2515 ct.
379 2478 404 2514 n.
428 2461 469 2514 12.
502 2461 566 2514 Lub.
585 2466 612 2515 et
645 2460 758 2532 α’λλαγὴ.
1236 2460 1243 2473 ’

90 2550 145 2604 ton.
164 2549 323 2616 αομὶζεται,
341 2547 386 2601 sed
404 2549 431 2600 in
448 2549 516 2600 bion.
533 2562 611 2616 supra
714 2547 755 2601 19.
771 2546 819 2602 καὶ
830 2545 862 2602 ri
873 2566 919 2601 ne.
931 2548 1000 2618 κτλ]
1011 2550 1091 2602 Stoici
1106 2549 1180 2603 teum

90 2655 105 2690 :s
122 2640 165 2688 est
181 2652 193 2689 a
212 2634 367 2687 collocatum.
644 2634 761 2704 spiritum
787 2649 844 2687 esse
871 2635 978 2701 docent,
1004 2649 1051 2703 per
1076 2636 1180 2690 unber-

142 2720 188 2776 18.
215 2722 386 2788 συγκρίματα
492 2712 608 2788 ἆλλαγή]
644 2736 700 2774 sum
719 2719 837 2773 mnndum
855 2724 1047 2789 penetrantem,
1073 2721 1181 2776 dirersis

90 2807 123 2861 [ic
137 2809 179 2860 est
200 2807 325 2859 sententia
345 2806 468 2874 emptica,
487 2806 510 2858 si
532 2806 610 2859 ratio·
645 2806 787 2859 nominibus
804 2804 965 2874 appellatum,
983 2807 1120 2860 secundum
1137 2822 1180 2861 re·

90 2893 210 2947 {untionis
232 2893 373 2946 acotutbien
401 2896 428 2943 et
451 2905 610 2959 consequen·
644 2907 701 2944 rum
723 2906 769 2959 per
794 2905 857 2959 quas
881 2892 974 2943 transit
998 2891 1180 2945 diversitatem.
1285 2900 1289 2911 “

90 2982 134 3032 bm
149 2983 261 3047 spectes,
270 2976 378 3047 ideoque
392 2977 514 3031 subaudio
524 2971 611 3042 cinop-
647 2977 741 3029 Similis
764 2976 835 3029 locus
853 2981 894 3029 est
918 2992 940 3029 c.
959 2974 984 3028 6.
1007 2991 1032 3044 p.
1051 2977 1068 3030 7
1091 2978 1129 3038 83
1148 2979 1180 3030 ci.

90 3059 187 3131 [ἕζεται
213 3063 253 3116 ret
277 3064 358 3116 simite
385 3062 485 3130 aliquod
508 3064 611 3115 verbum
645 3063 678 3116 ibi
696 3063 838 3114 observata.
872 3061 924 3114 Pro
948 3078 973 3112 sc.
996 3056 1047 3122 ταῖς
1064 3065 1179 3127 nepem.

90 3165 125 3204 en
142 3148 336 3204 incommodum.
360 3148 444 3217 Snffr.
457 3148 563 3201 Petram.
577 3177 612 3187 -
646 3144 751 3216 αὐτῆς,
780 3148 804 3199 1.
822 3160 845 3197 e.
867 3146 917 3213 τῆς
940 3138 1008 3212 ὕλης
1033 3147 1084 3213 (sic
1104 3148 1180 3200 ctiam

90 3238 186 3291 tener.
212 3249 274 3288 vero
299 3250 345 3304 pro
374 3235 420 3287 ἴσα
446 3233 531 3287 maliet
549 3226 610 3287 ὅσα.
645 3251 668 3286 c.
686 3232 726 3300 b'),
744 3233 818 3287 Boii.
836 3232 860 3284 1.
873 3230 898 3286 2.
914 3235 973 3286 Aet.
987 3250 1013 3284 α.
1025 3249 1048 3284 τ.
1062 3235 1179 3298 stupuit.

90 3323 212 3377 bnans:
231 3319 320 3387 „item
339 3323 388 3373 erit
407 3336 515 3387 sensus,
534 3320 556 3372 si
573 3319 611 3372 ie·
645 3312 744 3372 circi.
765 3319 826 3370 Mox
840 3319 898 3371 ttet.
919 3311 985 3370 ἄλλό
995 3335 1025 3371 rc
1037 3317 1085 3372 καλ
1103 3312 1179 3373 ἄλλο.

90 3423 162 3461 anus
187 3407 235 3460 ἴσα
259 3408 293 3476 τῇ
318 3408 369 3475 τῆς
395 3403 463 3474 ὕλης
480 3400 610 3475 ἅλλαγῇ.“
645 3405 718 3459 Botl.
737 3405 795 3459 1.2
821 3399 903 3465 ἄλλος
922 3402 969 3457 sui
989 3398 1079 3466 ἄλλος.
1116 3404 1180 3459 Tum

90 3495 118 3548 iic
135 3494 185 3547 tum
203 3493 240 3545 lo.
257 3492 290 3547 A.
310 3493 441 3545 Fabricius
458 3492 609 3559 (tristent.
643 3492 718 3545 iidem
736 3496 790 3544 tres
807 3489 879 3544 codd.
898 3505 949 3544 non
968 3488 1040 3558 φατέ
1057 3489 1104 3545 sed
1123 3509 1176 3559 φα·

90 3596 105 3634 e
121 3578 146 3633 ln
165 3592 221 3645 rep.
240 3578 285 3630 des
297 3579 386 3631 lettres
400 3580 429 3632 Τ.
443 3579 488 3630 lx.
507 3595 532 3646 p.
545 3577 607 3636 tat)
643 3575 717 3631 cios.

90 3666 184 3718 ouiccit
207 3663 359 3732 legendnm,
389 3666 423 3717 ita
442 3663 556 3732 quidem,
581 3667 609 3714 ut
711 3662 753 3717 20.
768 3659 804 3716 ταὶ
817 3655 1005 3730 εἴδητ.ιῖλης]
1025 3662 1092 3714 Sunt
1105 3678 1179 3715 muu-

90 3748 235 3819 tsequcns
254 3754 397 3819 perctcyp.
424 3750 543 3814 referret,
562 3749 610 3801 boc
639 3749 668 3825 5¹¹
686 3754 772 3818 partes
791 3748 916 3816 (timu),
937 3751 1031 3801 turmae
1049 3764 1079 3800 er
1099 3753 1180 3801 mate-

90 3851 167 3890 ensu:
187 3837 360 3904 συγκρίματα
376 3832 406 3890 δὲ
424 3831 471 3889 ἶσα
490 3836 552 3902 (sic)
575 3837 610 3905 τῇ
644 3837 681 3888 ria
707 3850 844 3903 expressae
869 3835 937 3888 reiut
956 3833 1071 3900 coetum,
1100 3839 1179 3899 terra,

90 3923 126 3991 ῆς
141 3916 211 3990 ὅλης
230 3916 332 3994 ἀλλαγῇ
350 3925 404 3977 scil.
425 3917 609 3989 αὖτὸιμετα-
644 3921 741 3974 stellae.
776 3921 815 3974 Cf.
833 3936 860 3976 n.
879 3919 922 3974 48.

90 4006 229 4079 musam.
270 4011 360 4078 Inepte
382 4008 504 4063 Lindner.
532 4009 609 4060 verba
712 4007 755 4061 21.
774 4001 892 4075 ἀνάγκη]
918 4007 992 4062 Βο11.
1010 4006 1028 4060 2
1047 4001 1178 4074 ἀνάγκης.

90 4088 169 4166 titii
191 4088 260 4164 ὕλης
344 4090 498 4164 tepescente
515 4108 609 4165 paren·
712 4091 755 4146 22.
771 4090 917 4164 μένοντος]
943 4091 1016 4148 nott.
1036 4093 1061 4145 1.
1075 4090 1101 4145 2.
1119 4091 1179 4144 Aet.

91 4179 156 4237 betis
179 4183 253 4251 signo
276 4182 379 4254 inclusit
403 4187 509 4252 etpost
536 4175 610 4250 peri
643 4178 694 4247 μὲν
704 4173 795 4244 ὄντος.
811 4177 1049 4239 fleeceommutatio
1057 4177 1178 4245 frequens
