2708 4666
450 229 600 291 ORATIO
622 230 678 292 Ab
704 230 901 335 euneos.
1172 232 1234 298 119

116 402 202 478 quod
231 401 273 462 ab
300 400 419 462 hacho
443 403 484 463 ad
517 402 569 463 llii
585 396 757 465 'excidium
786 404 928 482 effluxit,
975 408 1084 484 implet
1109 410 1232 469 aetates

116 512 242 590 viginti.
284 512 390 587 Atque
413 509 446 571 id
473 512 535 571 hoc
559 512 652 572 modo
677 513 921 576 demonstratur.

200 623 253 682 39.
270 620 417 682 'Fuerunt
442 621 634 698 Argivorum
659 637 754 699 reges
783 622 869 683 hice:
920 623 1070 703 Inachus,
1108 625 1235 687 Phoro-

117 750 214 810 neos,
238 731 338 810 Apis,
362 728 497 807 Criasis,
528 728 681 808 Triopas,
710 732 847 809 Argius,
877 731 1041 812 Phorbas,
1068 735 1235 815 crotopus,

117 842 332 917 Sthenelaus,
366 834 508 917 Danaus,
550 838 713 917 Lynceus,
752 839 906 920 Proetus,
943 842 1048 921 Abas,
1082 844 1235 923 Acrisius,

117 952 278 1029 Perseus,
313 950 519 1027 Sthenelaur,
541 948 752 1027 Eurystheus,
773 949 908 1029 Atreus,
942 953 1114 1032 Thyestes,
1145 956 1236 1032 Aga·

118 1077 281 1138 ιιιιιιιιιιοιι,
303 1056 390 1121 ouius
410 1060 501 1138 regui
527 1075 609 1119 anno
628 1060 748 1119 decimo
774 1062 887 1121 octavo
911 1061 1002 1122 Ilium
1028 1067 1153 1143 capto·
1176 1067 1235 1126 est.

119 1170 183 1233 lam
201 1172 336 1250 oportet
359 1170 395 1230 ut
417 1170 560 1247 quisquis
588 1171 673 1246 sapit
696 1169 938 1246 diligentissime
959 1173 1121 1251 intelligat
1139 1191 1235 1253 pror·

120 1298 174 1343 sus
197 1280 319 1341 nullum
345 1280 500 1340 historiae
528 1281 756 1339 mouumentum
784 1281 869 1355 apud
905 1280 1054 1360 Graecos,
1085 1285 1236 1360 quemad·

121 1392 246 1453 nodum
274 1391 338 1468 ipsi
367 1389 554 1466 perhibent,
605 1389 709 1448 literis
744 1389 960 1466 consignatum
988 1390 1096 1451 luisse.
1159 1394 1237 1453 Nam

120 1499 271 1577 Cadmus,
309 1499 362 1575 qui
384 1499 496 1559 literas
524 1499 564 1558 iis
587 1500 736 1576 tradidit,
771 1500 846 1575 post
868 1500 984 1559 multas
1015 1502 1237 1578 generationes

120 1611 151 1669 iu
172 1608 339 1670 Boeotiam
360 1609 455 1669 venit.
498 1608 578 1669 Post
599 1608 746 1668 Inachum
776 1609 880 1668 autem
902 1610 962 1668 sub
988 1609 1156 1670 Phoroneo
1185 1611 1237 1669 vix

121 1718 245 1779 ferinae
268 1736 433 1797 vagaeque
457 1720 542 1779 vitae
566 1720 675 1778 modus
701 1717 778 1794 fuit,
807 1720 839 1776 et
869 1720 909 1777 ad
933 1720 1148 1780 liberaliorem
1169 1722 1238 1780 oul-

120 1832 189 1891 tum
205 1830 344 1891 traducti
366 1832 439 1890 sont
462 1828 614 1889 homines.
664 1827 767 1897 Quare
793 1828 821 1887 si
850 1828 957 1889 Moses
987 1830 1237 1907 deprehenditur

123 2069 167 2119 tur
184 2079 247 2119 rere
272 2064 305 2119 rb
326 2064 391 2119 Iius.
415 2064 476 2117 Pur.
502 2066 527 2131 1,
549 2064 620 2119 Flor.
640 2063 664 2117 1.
700 2064 761 2116 biox
782 2065 879 2117 Patiani
898 2065 1010 2117 editores
1033 2079 1081 2133 pro
1105 2059 1169 2119 οὐδ’
1193 2066 1239 2117 de-

122 2150 269 2217 Άθιιιι..
308 2150 358 2203 Est
378 2151 458 2217 igitur
481 2148 664 2219 reponendum.
701 2147 794 2201 derunt
812 2145 847 2203 ου’
865 2146 903 2202 δι’
926 2150 1019 2217 (Fris,
1042 2150 1127 2216 Aet).
1170 2151 1241 2203 Unus

124 2236 280 2304 Plerumque
296 2250 345 2293 rex
361 2234 415 2302 ille,
439 2234 508 2288 tilius
531 2235 622 2288 Persei
640 2240 666 2287 et
700 2236 822 2287 bleranus
843 2235 974 2287 meliorem
997 2235 1148 2304 scripturam
1173 2236 1241 2289 illum

125 2319 312 2385 Andromedae,
330 2325 403 2391 pater
420 2320 569 2387 Eurysthei,
588 2317 666 2373 Σθὲ-
701 2321 784 2373 textui
809 2321 928 2373 inseruit.

125 2409 204 2467 reduc
220 2406 329 2471 diuitum
348 2406 381 2458 ci.
400 2406 469 2475 Pepe
487 2406 504 2458 l.
523 2422 561 2459 c..
769 2406 795 2458 8.
815 2402 861 2460 ἐπὶ
880 2409 912 2460 Φ.
932 2402 1025 2475 μόγις]
1051 2406 1114 2459 Eds.
1132 2401 1188 2461 dero*
1208 2408 1240 2460 Φ.

191 2490 217 2545 6.
236 2490 378 2561 συνεῖναι]
405 2492 481 2545 Hunc
499 2491 621 2544 acrisium
640 2491 665 2543 ll
700 2488 791 2560 μόλις.

128 2577 197 2631 serbi
214 2576 331 2645 eurippi
353 2592 386 2629 ex
410 2575 667 2643 Pur.1et2,bu-
770 2576 796 2631 9.
813 2578 855 2647 ra]
874 2579 918 2633 Sic
932 2579 1014 2647 Eus.;
1032 2578 1093 2632 editi
1108 2579 1184 2646 vulgo
1201 2574 1241 2632 δι’.

130 2678 187 2716 eaeo
208 2665 366 2732 praeeunte,
394 2662 525 2729 rescripsi.
569 2662 599 2714 c.
617 2661 667 2713 20:
701 2662 768 2717 lllud
785 2660 866 2731 μόγις
890 2665 972 2717 animo
1000 2663 1169 2734 repetendum
1194 2668 1242 2719 est.

130 2743 373 2817 tripolitanis
395 2741 667 2816 ἡμᾶς...παραιτη’-
703 2750 767 2802 Tum
784 2765 831 2819 pro
851 2748 878 2804 oi
907 2744 1058 2816 dadoenus
1086 2750 1157 2817 (Per.
1183 2749 1244 2802 1er

132 2838 233 2889 erutus
265 2838 334 2887 etc..
374 2831 497 2886 Eamdem
529 2832 666 2886 lectionem
702 2835 729 2887 in
753 2851 833 2902 marg.
859 2836 943 2902 Fris.)
974 2835 1097 2902 Gesner,
1128 2833 1244 2901 llerold,

133 2920 238 2973 iudicant
254 2921 325 2973 Fris.
345 2923 372 2973 et
389 2919 458 2987 Aet,
477 2920 520 2987 qui
545 2920 668 2988 συνῆναι
703 2920 804 2973 hiereli.
825 2924 866 2986 (ut
890 2921 984 2974 caeteri
1008 2919 1081 2973 codd.
1112 2920 1184 2987 mati)
1203 2921 1244 2972 in-

133 3006 247 3074 ederunl,
264 3006 290 3059 id
308 3004 376 3073 qued
402 3004 524 3067 Gesner„
551 3004 668 3071 Heroid,
700 3010 762 3074 epte
787 3007 908 3059 exhibent
936 3004 965 3058 ot
991 2999 1119 3070 οὐρανοί.
1162 3004 1246 3056 Error

135 3090 237 3159 nub..
255 3092 356 3145 Wortb.
374 3095 537 3161 receperunt.
565 3091 668 3143 Literna
703 3106 735 3143 er
748 3094 877 3144 contracta
888 3090 1027 3157 scriptione
1044 3073 1133 3155 (ἶιῗοῖ,
1148 3074 1244 3153 M

138 3176 200 3229 Eri
217 3178 261 3231 El
285 3190 363 3246 saepe
387 3193 401 3229 a
427 3176 538 3229 librariis
557 3190 669 3229 commu·
704 3177 841 3244 profluxit:
861 3176 891 3228 oi.
910 3174 995 3243 Epist.
1014 3172 1151 3239 adbiogn.
1167 3172 1245 3227 c.1d.

76 3254 78 3303 5
135 3264 221 3317 tumr.
255 3264 380 3316 bleranus
405 3277 466 3313 uero
493 3262 520 3314 iu
544 3259 669 3315 συνιέναι
704 3278 730 3315 ιι.
751 3261 784 3313 15
801 3264 829 3312 et
847 3259 949 3312 coniut.
968 3257 1052 3326 dogm.
1069 3258 1152 3310 Arist.
1168 3273 1190 3311 e.
1203 3256 1246 3311 11.

76 3344 78 3351 '
136 3351 224 3400 tenere
243 3348 359 3400 mutavit.
396 3345 466 3399 ldern
490 3346 596 3399 Eusebii
615 3346 671 3400 edi·
705 3363 730 3399 ιι.
752 3348 778 3400 ii.
796 3346 882 3398 Habes
900 3345 1008 3398 similem
1027 3344 1247 3397 commutationem

136 3435 196 3487 brus
214 3432 391 3487 adrniseruut:
419 3430 465 3483 sed
482 3431 546 3484 Eua.
564 3431 624 3484 Pur.
645 3432 670 3496 1,
706 3447 784 3501 supra
803 3449 826 3485 c.
843 3432 869 3484 b.
891 3447 918 3482 ιι.
936 3431 962 3483 3.
981 3430 1070 3498 (lump.
1089 3445 1112 3483 e.
1132 3429 1157 3482 7.
1175 3446 1201 3481 ιι.
1220 3429 1247 3485 l.

137 3518 196 3572 thr.
214 3519 240 3571 1.
258 3518 287 3585 2,
314 3516 398 3571 Oxou.
422 3522 547 3571 συνεῖναι
571 3520 669 3570 testan-
706 3548 740 3557 -
757 3519 919 3570 Phoroneum
938 3516 1048 3584 primum
1066 3515 1138 3582 leges
1157 3519 1184 3567 et
1200 3516 1247 3567 bo-

136 3604 315 3673 hrlrgenduun
331 3618 397 3656 esse.
425 3603 527 3655 Pariter
546 3606 671 3657 συνεῖναι
705 3618 754 3657 nos
773 3617 857 3655 mores
883 3602 987 3669 Argivis
1013 3600 1148 3654 tradidisse
1174 3601 1249 3654 etium

136 3691 191 3761 apud
215 3691 345 3744 lustinum
371 3704 447 3757 saepe
481 3693 604 3742 lentatum
631 3693 672 3743 est
707 3690 826 3743 Clemens
850 3688 877 3740 in
904 3688 991 3740 l’relr.
1018 3691 1044 3740 et
1069 3686 1198 3739 Eusebius
1221 3686 1249 3739 iu

135 3774 335 3832 abediierrbus:
359 3774 434 3842 Apol.
454 3775 474 3826 1.
494 3774 576 3830 c.14.
601 3791 626 3827 ιι.
646 3776 671 3842 1,
706 3775 802 3827 (ihren.
820 3776 945 3827 referunt.

130 3862 207 3931 ubil.
227 3878 254 3916 ιι.
275 3860 321 3929 12,
339 3859 406 3912 Dial.
425 3876 447 3911 e.
468 3860 513 3912 Tr.
538 3876 560 3912 e.
583 3860 626 3913 55.
646 3876 671 3912 n.
776 3860 818 3912 10.
846 3859 884 3926 εἰ]
919 3860 963 3911 Sic
989 3858 1049 3910 Par.
1074 3856 1092 3908 2
1119 3860 1146 3907 et
1171 3856 1249 3918 Fris,

133 3946 155 4016 8,
171 3966 192 4001 r.
211 3946 254 4002 69.
278 3964 305 4000 ιι.
328 3945 353 4012 7,
372 3962 393 3997 c.
414 3945 474 3999 121.
492 3962 518 3997 ιι.
538 3942 579 3997 10.
707 3951 815 4011 uterque
841 3946 868 3995 iu
893 3957 990 4009 uturp,
1028 3943 1054 3993 in
1078 3944 1151 3993 textu
1176 3939 1248 3992 codd.

191 4036 216 4087 7.
234 4031 290 4102 τήν
308 4026 461 4098 Ἑλλήνων]
485 4031 549 4082 Eos.
577 4029 672 4082 Part
707 4031 765 4083 mali
791 4029 887 4081 babent
912 4026 954 4095 ol,
983 4027 1008 4080 id
1033 4025 1101 4094 quod
1126 4025 1248 4085 Gesner..

131 4124 153 4171 rt
168 4122 237 4175 Plor.
258 4119 285 4174 1.
303 4118 324 4171 2
341 4116 395 4185 triv
413 4117 470 4170 reia
482 4110 672 4185 ‘Ettriuoa-
706 4114 825 4183 lietold,
851 4113 953 4168 hiereli.
978 4127 1028 4165 non
1058 4112 1195 4165 mutarunt
1214 4134 1248 4147 -
