<?xml version="1.0" encoding="UTF-8"?>
<!DOCTYPE html PUBLIC "-//W3C//DTD XHTML 1.0 Transitional//EN"
    "http://www.w3.org/TR/xhtml1/DTD/xhtml1-transitional.dtd">
<html xmlns="http://www.w3.org/1999/xhtml" xml:lang="en" lang="en">
 <head>
  <title>
</title>
<meta http-equiv="Content-Type" content="text/html;charset=utf-8" />
  <meta name='ocr-system' content='tesseract 3.04.00' />
  <meta name='ocr-capabilities' content='ocr_page ocr_carea ocr_par ocr_line ocrx_word'/>
</head>
<body>
  <div class='ocr_page' id='page_1' title='image "./corpusapologeta01unkngoog_0329.png"; bbox 0 0 2708 4666; ppageno 0'>
   <div class='ocr_carea' id='block_1_1' title="bbox 476 197 1227 285">
    <p class='ocr_par' dir='ltr' id='par_1_1' title="bbox 476 197 1227 285">
     <span class='ocr_line' id='line_1_1' title="bbox 476 197 1227 285; baseline 0.009 -7"><span class='ocrx_word' id='word_1_1' title='bbox 476 204 856 280; x_wconf 76' lang='lat' dir='ltr'><strong>PROLEGOMENA.</strong></span> <span class='ocrx_word' id='word_1_2' title='bbox 1033 197 1039 211; x_wconf 76' lang='grc'><em>’</em></span> <span class='ocrx_word' id='word_1_3' title='bbox 1136 229 1227 285; x_wconf 74' lang='lat' dir='ltr'>xxx!</span> 
     </span>
    </p>
   </div>
   <div class='ocr_carea' id='block_1_2' title="bbox 128 370 1229 2098">
    <p class='ocr_par' dir='ltr' id='par_1_2' title="bbox 128 370 1229 2098">
     <span class='ocr_line' id='line_1_2' title="bbox 134 370 1227 488; baseline 0.002 -25"><span class='ocrx_word' id='word_1_4' title='bbox 134 391 190 463; x_wconf 72' lang='lat' dir='ltr'><strong>nn</strong></span> <span class='ocrx_word' id='word_1_5' title='bbox 205 393 290 463; x_wconf 77' lang='lat' dir='ltr'><strong>son</strong></span> <span class='ocrx_word' id='word_1_6' title='bbox 308 402 435 463; x_wconf 72' lang='lat' dir='ltr'><strong>aomo.</strong></span> <span class='ocrx_word' id='word_1_7' title='bbox 464 389 658 464; x_wconf 71' lang='lat' dir='ltr'><strong>noxum</strong></span> <span class='ocrx_word' id='word_1_8' title='bbox 708 393 750 463; x_wconf 82' lang='lat' dir='ltr'><strong>m</strong></span> <span class='ocrx_word' id='word_1_9' title='bbox 774 393 858 464; x_wconf 76' lang='lat' dir='ltr'><strong>anns</strong></span> <span class='ocrx_word' id='word_1_10' title='bbox 874 370 1071 483; x_wconf 77' lang='lat' dir='ltr'><strong>exemplis:</strong></span> <span class='ocrx_word' id='word_1_11' title='bbox 1094 393 1227 488; x_wconf 62' lang='lat' dir='ltr'><strong>‚aare</strong></span> 
     </span>
     <span class='ocr_line' id='line_1_3' title="bbox 134 512 1229 610; baseline 0.001 -23"><span class='ocrx_word' id='word_1_12' title='bbox 134 516 202 610; x_wconf 85' lang='lat' dir='ltr'><strong>siis,</strong></span> <span class='ocrx_word' id='word_1_13' title='bbox 217 574 220 583; x_wconf 67' lang='lat'><strong>.</strong></span> <span class='ocrx_word' id='word_1_14' title='bbox 234 516 338 606; x_wconf 86' lang='lat' dir='ltr'><strong>apud</strong></span> <span class='ocrx_word' id='word_1_15' title='bbox 359 512 605 588; x_wconf 79' lang='lat' dir='ltr'><strong>Christianum</strong></span> <span class='ocrx_word' id='word_1_16' title='bbox 630 516 874 610; x_wconf 85' lang='lat' dir='ltr'><strong>Weohelum,</strong></span> <span class='ocrx_word' id='word_1_17' title='bbox 899 518 968 589; x_wconf 84' lang='lat' dir='ltr'><strong>sub</strong></span> <span class='ocrx_word' id='word_1_18' title='bbox 991 525 1095 589; x_wconf 87' lang='lat' dir='ltr'><strong>souto</strong></span> <span class='ocrx_word' id='word_1_19' title='bbox 1117 519 1229 589; x_wconf 90' lang='lat' dir='ltr'><strong>Basi-</strong></span> 
     </span>
     <span class='ocr_line' id='line_1_4' title="bbox 135 638 1228 741; baseline 0.001 -30"><span class='ocrx_word' id='word_1_20' title='bbox 135 640 226 711; x_wconf 81' lang='lat' dir='ltr'><strong>liensi</strong></span> <span class='ocrx_word' id='word_1_21' title='bbox 250 640 290 710; x_wconf 87' lang='lat' dir='ltr'><strong>in</strong></span> <span class='ocrx_word' id='word_1_22' title='bbox 316 639 401 710; x_wconf 87' lang='lat' dir='ltr'><strong>vioo</strong></span> <span class='ocrx_word' id='word_1_23' title='bbox 417 638 594 741; x_wconf 84' lang='lat' dir='ltr'><strong>Iaoobeo:</strong></span> <span class='ocrx_word' id='word_1_24' title='bbox 627 652 665 712; x_wconf 85' lang='lat' dir='ltr'><strong>et</strong></span> <span class='ocrx_word' id='word_1_25' title='bbox 690 644 758 711; x_wconf 88' lang='lat' dir='ltr'><strong>sub</strong></span> <span class='ocrx_word' id='word_1_26' title='bbox 782 641 925 732; x_wconf 81' lang='lat' dir='ltr'>Pegaso</span> <span class='ocrx_word' id='word_1_27' title='bbox 945 643 983 712; x_wconf 86' lang='lat' dir='ltr'><strong>io</strong></span> <span class='ocrx_word' id='word_1_28' title='bbox 1000 643 1082 712; x_wconf 81' lang='lat' dir='ltr'><strong>vieo</strong></span> <span class='ocrx_word' id='word_1_29' title='bbox 1099 641 1228 713; x_wconf 87' lang='lat' dir='ltr'><strong>Bello-</strong></span> 
     </span>
     <span class='ocr_line' id='line_1_5' title="bbox 136 750 1227 857; baseline 0.002 -23"><span class='ocrx_word' id='word_1_30' title='bbox 136 759 287 834; x_wconf 69' lang='lat' dir='ltr'><strong>naoonsi.</strong></span> <span class='ocrx_word' id='word_1_31' title='bbox 332 750 442 837; x_wconf 87' lang='lat' dir='ltr'><strong>Auno</strong></span> <span class='ocrx_word' id='word_1_32' title='bbox 458 763 697 855; x_wconf 70' lang='lat' dir='ltr'><strong>MDXL1*).“</strong></span> <span class='ocrx_word' id='word_1_33' title='bbox 730 765 772 836; x_wconf 89' lang='lat' dir='ltr'><strong>ln</strong></span> <span class='ocrx_word' id='word_1_34' title='bbox 791 767 948 857; x_wconf 86' lang='lat' dir='ltr'><strong>epistola</strong></span> <span class='ocrx_word' id='word_1_35' title='bbox 964 767 1227 855; x_wconf 80' lang='lat' dir='ltr'><strong>nuncupatoria</strong></span> 
     </span>
     <span class='ocr_line' id='line_1_6' title="bbox 136 885 1227 981; baseline 0.002 -25"><span class='ocrx_word' id='word_1_36' title='bbox 136 888 170 956; x_wconf 79' lang='lat' dir='ltr'><strong>nl</strong></span> <span class='ocrx_word' id='word_1_37' title='bbox 183 885 545 960; x_wconf 83' lang='lat' dir='ltr'><strong>Reverendissimum</strong></span> <span class='ocrx_word' id='word_1_38' title='bbox 561 888 601 981; x_wconf 83' lang='lat' dir='ltr'><strong>D.</strong></span> <span class='ocrx_word' id='word_1_39' title='bbox 618 889 839 959; x_wconf 83' lang='lat' dir='ltr'><strong>Antoninum</strong></span> <span class='ocrx_word' id='word_1_40' title='bbox 861 911 883 961; x_wconf 83' lang='lat' dir='ltr'><strong>a</strong></span> <span class='ocrx_word' id='word_1_41' title='bbox 908 891 1110 961; x_wconf 89' lang='lat' dir='ltr'><strong>Granvella</strong></span> <span class='ocrx_word' id='word_1_42' title='bbox 1133 888 1227 979; x_wconf 79' lang='lat' dir='ltr'><strong>Epi-</strong></span> 
     </span>
     <span class='ocr_line' id='line_1_7' title="bbox 136 995 1228 1105; baseline 0.001 -24"><span class='ocrx_word' id='word_1_43' title='bbox 136 1029 272 1102; x_wconf 83' lang='lat' dir='ltr'><strong>soopum</strong></span> <span class='ocrx_word' id='word_1_44' title='bbox 295 1010 579 1082; x_wconf 80' lang='lat' dir='ltr'><strong>Atrebatensem</strong></span> <span class='ocrx_word' id='word_1_45' title='bbox 601 1011 799 1105; x_wconf 87' lang='lat' dir='ltr'><strong>(‚,Lovanii</strong></span> <span class='ocrx_word' id='word_1_46' title='bbox 823 995 888 1085; x_wconf 68' lang='lat'><strong>13?</strong></span> <span class='ocrx_word' id='word_1_47' title='bbox 901 1015 1082 1086; x_wconf 79' lang='lat' dir='ltr'><strong>Calendas</strong></span> <span class='ocrx_word' id='word_1_48' title='bbox 1108 1012 1228 1083; x_wconf 87' lang='lat' dir='ltr'><strong>Maias</strong></span> 
     </span>
     <span class='ocr_line' id='line_1_8' title="bbox 137 1135 1228 1232; baseline 0.004 -28"><span class='ocrx_word' id='word_1_49' title='bbox 137 1153 216 1205; x_wconf 81' lang='lat' dir='ltr'><strong>amo</strong></span> <span class='ocrx_word' id='word_1_50' title='bbox 235 1135 393 1228; x_wconf 68' lang='lat' dir='ltr'><strong>tow),</strong></span> <span class='ocrx_word' id='word_1_51' title='bbox 415 1136 554 1208; x_wconf 86' lang='lat' dir='ltr'><strong>latinae</strong></span> <span class='ocrx_word' id='word_1_52' title='bbox 572 1136 803 1208; x_wconf 87' lang='lat' dir='ltr'><strong>translationi</strong></span> <span class='ocrx_word' id='word_1_53' title='bbox 820 1141 1023 1228; x_wconf 82' lang='lat' dir='ltr'><strong>praemissa</strong></span> <span class='ocrx_word' id='word_1_54' title='bbox 1044 1143 1096 1232; x_wconf 89' lang='lat' dir='ltr'><strong>(p.</strong></span> <span class='ocrx_word' id='word_1_55' title='bbox 1113 1139 1228 1231; x_wconf 65' lang='lat' dir='ltr'><strong>iso),</strong></span> 
     </span>
     <span class='ocr_line' id='line_1_9' title="bbox 136 1255 1228 1353; baseline 0.006 -27"><span class='ocrx_word' id='word_1_56' title='bbox 136 1255 287 1330; x_wconf 75' lang='lat' dir='ltr'><strong>Nunnius</strong></span> <span class='ocrx_word' id='word_1_57' title='bbox 302 1260 409 1330; x_wconf 86' lang='lat' dir='ltr'><strong>dioit:</strong></span> <span class='ocrx_word' id='word_1_58' title='bbox 436 1260 578 1353; x_wconf 84' lang='lat' dir='ltr'><strong>„Nobis</strong></span> <span class='ocrx_word' id='word_1_59' title='bbox 596 1281 668 1331; x_wconf 96' lang='lat' dir='ltr'><strong>non</strong></span> <span class='ocrx_word' id='word_1_60' title='bbox 689 1262 756 1332; x_wconf 91' lang='lat' dir='ltr'><strong>nisi</strong></span> <span class='ocrx_word' id='word_1_61' title='bbox 774 1264 917 1334; x_wconf 89' lang='lat' dir='ltr'><strong>unioum</strong></span> <span class='ocrx_word' id='word_1_62' title='bbox 943 1263 1228 1353; x_wconf 79' lang='lat' dir='ltr'><strong>exemplarfuit,</strong></span> 
     </span>
     <span class='ocr_line' id='line_1_10' title="bbox 136 1384 1228 1481; baseline 0.003 -29"><span class='ocrx_word' id='word_1_63' title='bbox 136 1384 377 1455; x_wconf 82' lang='lat' dir='ltr'><strong>adootissimo</strong></span> <span class='ocrx_word' id='word_1_64' title='bbox 395 1385 539 1473; x_wconf 88' lang='lat' dir='ltr'><strong>quidem</strong></span> <span class='ocrx_word' id='word_1_65' title='bbox 561 1385 646 1455; x_wconf 89' lang='lat' dir='ltr'><strong>viro</strong></span> <span class='ocrx_word' id='word_1_66' title='bbox 664 1387 901 1481; x_wconf 80' lang='lat' dir='ltr'><strong>descriptum,</strong></span> <span class='ocrx_word' id='word_1_67' title='bbox 925 1389 992 1457; x_wconf 87' lang='lat' dir='ltr'><strong>sed</strong></span> <span class='ocrx_word' id='word_1_68' title='bbox 1014 1396 1134 1458; x_wconf 89' lang='lat' dir='ltr'><strong>tamen</strong></span> <span class='ocrx_word' id='word_1_69' title='bbox 1156 1406 1228 1456; x_wconf 92' lang='lat' dir='ltr'><strong>non</strong></span> 
     </span>
     <span class='ocr_line' id='line_1_11' title="bbox 134 1508 1228 1605; baseline 0.001 -27"><span class='ocrx_word' id='word_1_70' title='bbox 134 1510 243 1595; x_wconf 83' lang='lat' dir='ltr'><strong>paneis</strong></span> <span class='ocrx_word' id='word_1_71' title='bbox 267 1508 367 1579; x_wconf 85' lang='lat' dir='ltr'><strong>vitiis</strong></span> <span class='ocrx_word' id='word_1_72' title='bbox 396 1509 587 1604; x_wconf 80' lang='lat' dir='ltr'><strong>iniectum,</strong></span> <span class='ocrx_word' id='word_1_73' title='bbox 612 1530 680 1581; x_wconf 85' lang='lat' dir='ltr'><strong>noo</strong></span> <span class='ocrx_word' id='word_1_74' title='bbox 704 1511 853 1605; x_wconf 68' lang='lat' dir='ltr'><strong>mnam,</strong></span> <span class='ocrx_word' id='word_1_75' title='bbox 875 1512 1056 1583; x_wconf 90' lang='lat' dir='ltr'><strong>nonenim</strong></span> <span class='ocrx_word' id='word_1_76' title='bbox 1075 1511 1228 1580; x_wconf 80' lang='lat' dir='ltr'><strong>meliora</strong></span> 
     </span>
     <span class='ocr_line' id='line_1_12' title="bbox 133 1631 1228 1729; baseline 0 -27"><span class='ocrx_word' id='word_1_77' title='bbox 133 1631 205 1703; x_wconf 83' lang='lat' dir='ltr'><strong>nilri</strong></span> <span class='ocrx_word' id='word_1_78' title='bbox 231 1639 385 1723; x_wconf 89' lang='lat' dir='ltr'><strong>poterat</strong></span> <span class='ocrx_word' id='word_1_79' title='bbox 408 1635 570 1706; x_wconf 85' lang='lat' dir='ltr'><strong>tradere·</strong></span> <span class='ocrx_word' id='word_1_80' title='bbox 587 1653 696 1725; x_wconf 89' lang='lat' dir='ltr'><strong>quam</strong></span> <span class='ocrx_word' id='word_1_81' title='bbox 724 1635 762 1706; x_wconf 94' lang='lat' dir='ltr'><strong>in</strong></span> <span class='ocrx_word' id='word_1_82' title='bbox 795 1636 1000 1729; x_wconf 80' lang='lat' dir='ltr'><strong>archetypo</strong></span> <span class='ocrx_word' id='word_1_83' title='bbox 1024 1636 1228 1724; x_wconf 73' lang='lat' dir='ltr'><strong>invenerat,</strong></span> 
     </span>
     <span class='ocr_line' id='line_1_13' title="bbox 132 1756 1229 1848; baseline 0.002 -23"><span class='ocrx_word' id='word_1_84' title='bbox 132 1757 216 1842; x_wconf 79' lang='lat' dir='ltr'><strong>pou</strong></span> <span class='ocrx_word' id='word_1_85' title='bbox 253 1777 363 1827; x_wconf 86' lang='lat' dir='ltr'><strong>unum</strong></span> <span class='ocrx_word' id='word_1_86' title='bbox 399 1778 596 1848; x_wconf 86' lang='lat' dir='ltr'><strong>superesse</strong></span> <span class='ocrx_word' id='word_1_87' title='bbox 625 1759 728 1831; x_wconf 86' lang='lat' dir='ltr'><strong>aiunt</strong></span> <span class='ocrx_word' id='word_1_88' title='bbox 766 1759 804 1829; x_wconf 89' lang='lat' dir='ltr'><strong>in</strong></span> <span class='ocrx_word' id='word_1_89' title='bbox 838 1761 1012 1831; x_wconf 86' lang='lat' dir='ltr'><strong>universa</strong></span> <span class='ocrx_word' id='word_1_90' title='bbox 1044 1756 1229 1847; x_wconf 79' lang='lat' dir='ltr'><strong>Europa.“</strong></span> 
     </span>
     <span class='ocr_line' id='line_1_14' title="bbox 129 1875 1229 1978; baseline 0.001 -29"><span class='ocrx_word' id='word_1_91' title='bbox 129 1875 222 1951; x_wconf 83' lang='lat' dir='ltr'><strong>Nilul</strong></span> <span class='ocrx_word' id='word_1_92' title='bbox 242 1881 363 1952; x_wconf 79' lang='lat' dir='ltr'><strong>refert</strong></span> <span class='ocrx_word' id='word_1_93' title='bbox 384 1882 540 1972; x_wconf 87' lang='lat' dir='ltr'><strong>amplius</strong></span> <span class='ocrx_word' id='word_1_94' title='bbox 564 1884 610 1952; x_wconf 84' lang='lat' dir='ltr'><strong>(le</strong></span> <span class='ocrx_word' id='word_1_95' title='bbox 636 1884 764 1956; x_wconf 83' lang='lat' dir='ltr'><strong>oodioe</strong></span> <span class='ocrx_word' id='word_1_96' title='bbox 780 1904 848 1955; x_wconf 92' lang='lat' dir='ltr'><strong>suo</strong></span> <span class='ocrx_word' id='word_1_97' title='bbox 863 1895 976 1978; x_wconf 79' lang='lat' dir='ltr'><strong>msto,</strong></span> <span class='ocrx_word' id='word_1_98' title='bbox 1000 1903 1108 1974; x_wconf 88' lang='lat' dir='ltr'><strong>quem</strong></span> <span class='ocrx_word' id='word_1_99' title='bbox 1129 1881 1229 1973; x_wconf 90' lang='lat' dir='ltr'><strong>typis</strong></span> 
     </span>
     <span class='ocr_line' id='line_1_15' title="bbox 128 2004 1228 2098; baseline 0.002 -25"><span class='ocrx_word' id='word_1_100' title='bbox 128 2004 402 2076; x_wconf 79' lang='lat' dir='ltr'><strong>dosoribendum</strong></span> <span class='ocrx_word' id='word_1_101' title='bbox 437 2007 663 2098; x_wconf 50' lang='lat' dir='ltr'><strong>auravitffl).</strong></span> <span class='ocrx_word' id='word_1_102' title='bbox 713 2009 845 2098; x_wconf 87' lang='lat' dir='ltr'><strong>Neque</strong></span> <span class='ocrx_word' id='word_1_103' title='bbox 879 2008 1135 2079; x_wconf 83' lang='lat' dir='ltr'><strong>adnotationes</strong></span> <span class='ocrx_word' id='word_1_104' title='bbox 1162 2005 1228 2075; x_wconf 84' lang='lat' dir='ltr'><strong>de-</strong></span> 
     </span>
    </p>
   </div>
   <div class='ocr_carea' id='block_1_3' title="bbox 127 2127 1228 2340">
    <p class='ocr_par' dir='ltr' id='par_1_3' title="bbox 127 2127 1228 2340">
     <span class='ocr_line' id='line_1_16' title="bbox 127 2127 897 2222; baseline 0.003 -24"><span class='ocrx_word' id='word_1_105' title='bbox 127 2127 181 2198; x_wconf 78' lang='lat' dir='ltr'><strong>tlit.</strong></span> <span class='ocrx_word' id='word_1_106' title='bbox 234 2128 447 2201; x_wconf 77' lang='lat' dir='ltr'><strong>&#39;l&#39;ranslatio</strong></span> <span class='ocrx_word' id='word_1_107' title='bbox 467 2152 652 2222; x_wconf 88' lang='lat' dir='ltr'><strong>persaepe</strong></span> <span class='ocrx_word' id='word_1_108' title='bbox 672 2140 730 2205; x_wconf 86' lang='lat' dir='ltr'><strong>est</strong></span> <span class='ocrx_word' id='word_1_109' title='bbox 752 2134 897 2204; x_wconf 88' lang='lat' dir='ltr'><strong>vitiosa.</strong></span> 
     </span>
     <span class='ocr_line' id='line_1_17' title="bbox 199 2247 1228 2340; baseline 0 -23"><span class='ocrx_word' id='word_1_110' title='bbox 199 2251 537 2332; x_wconf 56' lang='lat' dir='ltr'><strong>‚meflnnroroy</strong></span> <span class='ocrx_word' id='word_1_111' title='bbox 559 2252 800 2319; x_wconf 79' lang='grc' dir='ltr'><em>ΑΘΗΝΛΙΟΥ</em></span> <span class='ocrx_word' id='word_1_112' title='bbox 827 2247 1009 2340; x_wconf 79' lang='grc' dir='ltr'><strong><em>φιλοσόφου</em></strong></span> <span class='ocrx_word' id='word_1_113' title='bbox 1041 2251 1228 2336; x_wconf 77' lang='grc' dir='ltr'><strong><em>χριστιανοῦ</em></strong></span> 
     </span>
    </p>
   </div>
   <div class='ocr_carea' id='block_1_4' title="bbox 117 2353 1229 3187">
    <p class='ocr_par' dir='ltr' id='par_1_4' title="bbox 117 2353 1229 3187">
     <span class='ocr_line' id='line_1_18' title="bbox 123 2353 1229 2445; baseline -0.001 -21"><span class='ocrx_word' id='word_1_114' title='bbox 123 2353 335 2440; x_wconf 72' lang='grc' dir='ltr'><strong>Ἀπολογία</strong></span> <span class='ocrx_word' id='word_1_115' title='bbox 353 2367 451 2445; x_wconf 68' lang='grc' dir='ltr'><strong>περὶ</strong></span> <span class='ocrx_word' id='word_1_116' title='bbox 473 2363 757 2445; x_wconf 72' lang='grc' dir='ltr'><strong><em>Χριστιανῶν.</em></strong></span> <span class='ocrx_word' id='word_1_117' title='bbox 795 2362 861 2427; x_wconf 78' lang='grc' dir='ltr'><strong>Τοῦ</strong></span> <span class='ocrx_word' id='word_1_118' title='bbox 883 2357 984 2425; x_wconf 71' lang='grc' dir='ltr'><strong><em>αὐτοῦ</em></strong></span> <span class='ocrx_word' id='word_1_119' title='bbox 1005 2359 1107 2443; x_wconf 72' lang='grc' dir='ltr'><strong>Περὶ</strong></span> <span class='ocrx_word' id='word_1_120' title='bbox 1128 2356 1229 2424; x_wconf 75' lang='lat' dir='ltr'><strong>oiva-</strong></span> 
     </span>
     <span class='ocr_line' id='line_1_19' title="bbox 123 2470 1229 2570; baseline -0.007 -21"><span class='ocrx_word' id='word_1_121' title='bbox 123 2482 304 2559; x_wconf 70' lang='lat' dir='ltr'><strong>nru&#39;osog</strong></span> <span class='ocrx_word' id='word_1_122' title='bbox 333 2486 497 2570; x_wconf 71' lang='grc' dir='ltr'><strong>νεκρῶν.</strong></span> <span class='ocrx_word' id='word_1_123' title='bbox 547 2470 922 2542; x_wconf 78' lang='lat' dir='ltr'><strong>ATHENAGORAE</strong></span> <span class='ocrx_word' id='word_1_124' title='bbox 958 2470 1229 2541; x_wconf 81' lang='lat' dir='ltr'><strong>ATHEniensis</strong></span> 
     </span>
     <span class='ocr_line' id='line_1_20' title="bbox 120 2596 1229 2687; baseline -0.004 -18"><span class='ocrx_word' id='word_1_125' title='bbox 120 2597 328 2687; x_wconf 77' lang='lat' dir='ltr'><strong>philosophi</strong></span> <span class='ocrx_word' id='word_1_126' title='bbox 368 2598 557 2668; x_wconf 81' lang='lat' dir='ltr'><strong>christiani</strong></span> <span class='ocrx_word' id='word_1_127' title='bbox 586 2597 772 2686; x_wconf 85' lang='lat' dir='ltr'><strong>Apologia</strong></span> <span class='ocrx_word' id='word_1_128' title='bbox 809 2615 879 2687; x_wconf 90' lang='lat' dir='ltr'><strong>pro</strong></span> <span class='ocrx_word' id='word_1_129' title='bbox 904 2596 1141 2687; x_wconf 81' lang='lat' dir='ltr'><strong>Christianis,</strong></span> <span class='ocrx_word' id='word_1_130' title='bbox 1180 2597 1229 2666; x_wconf 87' lang='lat' dir='ltr'><strong>ad</strong></span> 
     </span>
     <span class='ocr_line' id='line_1_21' title="bbox 118 2720 1228 2814; baseline -0.002 -23"><span class='ocrx_word' id='word_1_131' title='bbox 118 2721 366 2814; x_wconf 85' lang='lat' dir='ltr'><strong>imperatores</strong></span> <span class='ocrx_word' id='word_1_132' title='bbox 394 2723 617 2793; x_wconf 87' lang='lat' dir='ltr'><strong>Antoninum</strong></span> <span class='ocrx_word' id='word_1_133' title='bbox 644 2730 680 2791; x_wconf 86' lang='lat' dir='ltr'><strong>et</strong></span> <span class='ocrx_word' id='word_1_134' title='bbox 699 2721 945 2794; x_wconf 80' lang='lat' dir='ltr'><strong>Commodum.</strong></span> <span class='ocrx_word' id='word_1_135' title='bbox 980 2721 1153 2793; x_wconf 83' lang='lat' dir='ltr'><strong>Eiusdem</strong></span> <span class='ocrx_word' id='word_1_136' title='bbox 1175 2720 1228 2790; x_wconf 80' lang='lat' dir='ltr'><strong>llo</strong></span> 
     </span>
     <span class='ocr_line' id='line_1_22' title="bbox 119 2832 1229 2937; baseline -0.005 -19"><span class='ocrx_word' id='word_1_137' title='bbox 119 2832 388 2918; x_wconf 79' lang='lat' dir='ltr'><strong>resurreetione</strong></span> <span class='ocrx_word' id='word_1_138' title='bbox 405 2853 641 2916; x_wconf 89' lang='lat' dir='ltr'><strong>mortuorum.</strong></span> <span class='ocrx_word' id='word_1_139' title='bbox 690 2845 749 2915; x_wconf 82' lang='lat' dir='ltr'><strong>&#39;Ex</strong></span> <span class='ocrx_word' id='word_1_140' title='bbox 767 2848 927 2936; x_wconf 89' lang='lat' dir='ltr'><strong>antiquis</strong></span> <span class='ocrx_word' id='word_1_141' title='bbox 956 2847 1229 2937; x_wconf 78' lang='lat' dir='ltr'><strong>exemplaribus</strong></span> 
     </span>
     <span class='ocr_line' id='line_1_23' title="bbox 118 2968 1228 3064; baseline -0.005 -21"><span class='ocrx_word' id='word_1_142' title='bbox 118 2973 267 3043; x_wconf 87' lang='lat' dir='ltr'><strong>libellus</strong></span> <span class='ocrx_word' id='word_1_143' title='bbox 282 2971 345 3040; x_wconf 93' lang='lat' dir='ltr'><strong>ille</strong></span> <span class='ocrx_word' id='word_1_144' title='bbox 363 2990 457 3039; x_wconf 88' lang='lat' dir='ltr'><strong>nuno</strong></span> <span class='ocrx_word' id='word_1_145' title='bbox 484 2971 638 3059; x_wconf 91' lang='lat' dir='ltr'><strong>primum</strong></span> <span class='ocrx_word' id='word_1_146' title='bbox 655 2970 866 3064; x_wconf 82' lang='lat' dir='ltr'><strong>profertur,</strong></span> <span class='ocrx_word' id='word_1_147' title='bbox 891 2969 953 3039; x_wconf 89' lang='lat' dir='ltr'><strong>hio</strong></span> <span class='ocrx_word' id='word_1_148' title='bbox 976 2979 1099 3039; x_wconf 89' lang='lat' dir='ltr'><strong>autem</strong></span> <span class='ocrx_word' id='word_1_149' title='bbox 1115 2968 1228 3037; x_wconf 85' lang='lat' dir='ltr'><strong>nasti-</strong></span> 
     </span>
     <span class='ocr_line' id='line_1_24' title="bbox 117 3089 1228 3187; baseline -0.008 -20"><span class='ocrx_word' id='word_1_150' title='bbox 117 3096 243 3187; x_wconf 78' lang='lat' dir='ltr'><strong>gatior</strong></span> <span class='ocrx_word' id='word_1_151' title='bbox 264 3115 372 3183; x_wconf 86' lang='lat' dir='ltr'><strong>quam</strong></span> <span class='ocrx_word' id='word_1_152' title='bbox 401 3104 510 3164; x_wconf 88' lang='lat' dir='ltr'><strong>antea</strong></span> <span class='ocrx_word' id='word_1_153' title='bbox 526 3096 658 3165; x_wconf 88' lang='lat' dir='ltr'><strong>editur.</strong></span> <span class='ocrx_word' id='word_1_154' title='bbox 709 3094 872 3183; x_wconf 87' lang='lat' dir='ltr'><strong>Uterque</strong></span> <span class='ocrx_word' id='word_1_155' title='bbox 896 3112 1032 3182; x_wconf 81' lang='lat' dir='ltr'><strong>graece</strong></span> <span class='ocrx_word' id='word_1_156' title='bbox 1053 3100 1089 3162; x_wconf 90' lang='lat' dir='ltr'><strong>et</strong></span> <span class='ocrx_word' id='word_1_157' title='bbox 1107 3089 1228 3160; x_wconf 86' lang='lat' dir='ltr'><strong>latino.</strong></span> 
     </span>
    </p>
   </div>
   <div class='ocr_carea' id='block_1_5' title="bbox 118 3211 1349 3315">
    <p class='ocr_par' dir='ltr' id='par_1_5' title="bbox 118 3211 1349 3315">
     <span class='ocr_line' id='line_1_25' title="bbox 118 3211 1349 3315; baseline -0.005 -26"><span class='ocrx_word' id='word_1_158' title='bbox 118 3218 175 3289; x_wconf 76' lang='lat' dir='ltr'><strong>Ex</strong></span> <span class='ocrx_word' id='word_1_159' title='bbox 207 3218 365 3290; x_wconf 79' lang='lat' dir='ltr'><strong>&#39;officina</strong></span> <span class='ocrx_word' id='word_1_160' title='bbox 406 3218 553 3288; x_wconf 87' lang='lat' dir='ltr'><strong>Henrioi</strong></span> <span class='ocrx_word' id='word_1_161' title='bbox 581 3217 773 3308; x_wconf 86' lang='lat' dir='ltr'><strong>Stephani.</strong></span> <span class='ocrx_word' id='word_1_162' title='bbox 824 3216 895 3286; x_wconf 87' lang='lat' dir='ltr'><strong>An.</strong></span> <span class='ocrx_word' id='word_1_163' title='bbox 928 3211 1136 3285; x_wconf 83' lang='lat' dir='ltr'><strong>MDLVII.“</strong></span> <span class='ocrx_word' id='word_1_164' title='bbox 1171 3213 1228 3297; x_wconf 66' lang='lat'><strong>8&#39;9</strong></span> <span class='ocrx_word' id='word_1_165' title='bbox 1346 3308 1349 3315; x_wconf 15' lang='lat' dir='ltr'><em>r</em></span> 
     </span>
    </p>
   </div>
   <div class='ocr_carea' id='block_1_6' title="bbox 118 3337 1232 3432">
    <p class='ocr_par' dir='ltr' id='par_1_6' title="bbox 118 3337 1232 3432">
     <span class='ocr_line' id='line_1_26' title="bbox 118 3337 1232 3432; baseline -0.006 -19"><span class='ocrx_word' id='word_1_166' title='bbox 118 3341 300 3432; x_wconf 68' lang='lat' dir='ltr'><strong>min.”*)</strong></span> <span class='ocrx_word' id='word_1_167' title='bbox 347 3342 447 3413; x_wconf 91' lang='lat' dir='ltr'><strong>Haeo</strong></span> <span class='ocrx_word' id='word_1_168' title='bbox 473 3342 589 3413; x_wconf 87' lang='lat' dir='ltr'><strong>editio</strong></span> <span class='ocrx_word' id='word_1_169' title='bbox 629 3342 843 3413; x_wconf 76' lang='lat' dir='ltr'><strong>Gonnano</strong></span> <span class='ocrx_word' id='word_1_170' title='bbox 881 3337 1091 3409; x_wconf 82' lang='lat' dir='ltr'><strong>Gasnaao</strong></span> <span class='ocrx_word' id='word_1_171' title='bbox 1124 3350 1232 3418; x_wconf 64' lang='lat' dir='ltr'><strong>not„-</strong></span> 
     </span>
    </p>
   </div>
   <div class='ocr_carea' id='block_1_7' title="bbox 116 3534 1288 4196">
    <p class='ocr_par' dir='ltr' id='par_1_7' title="bbox 116 3534 1288 3862">
     <span class='ocr_line' id='line_1_27' title="bbox 187 3534 1231 3608; baseline -0.006 -14"><span class='ocrx_word' id='word_1_172' title='bbox 187 3542 215 3608; x_wconf 74' lang='lat' dir='ltr'><strong>*J</strong></span> <span class='ocrx_word' id='word_1_173' title='bbox 236 3542 266 3594; x_wconf 91' lang='lat' dir='ltr'><strong>ln</strong></span> <span class='ocrx_word' id='word_1_174' title='bbox 286 3541 394 3594; x_wconf 86' lang='lat' dir='ltr'><strong>monimo</strong></span> <span class='ocrx_word' id='word_1_175' title='bbox 412 3553 501 3593; x_wconf 82' lang='lat' dir='ltr'><strong>erroro</strong></span> <span class='ocrx_word' id='word_1_176' title='bbox 518 3544 636 3593; x_wconf 85' lang='lat' dir='ltr'><strong>versatur</strong></span> <span class='ocrx_word' id='word_1_177' title='bbox 655 3539 710 3592; x_wconf 78' lang='lat' dir='ltr'><strong>&#39;l&#39;ll¹</strong></span> <span class='ocrx_word' id='word_1_178' title='bbox 726 3537 803 3592; x_wconf 79' lang='lat' dir='ltr'><strong>Adr.</strong></span> <span class='ocrx_word' id='word_1_179' title='bbox 820 3537 997 3603; x_wconf 78' lang='lat' dir='ltr'><strong>Gloriosa,</strong></span> <span class='ocrx_word' id='word_1_180' title='bbox 1016 3534 1057 3604; x_wconf 86' lang='lat' dir='ltr'><strong>qui</strong></span> <span class='ocrx_word' id='word_1_181' title='bbox 1072 3535 1090 3588; x_wconf 94' lang='lat' dir='ltr'><strong>l.</strong></span> <span class='ocrx_word' id='word_1_182' title='bbox 1105 3550 1125 3588; x_wconf 83' lang='lat' dir='ltr'><strong>c.</strong></span> <span class='ocrx_word' id='word_1_183' title='bbox 1142 3549 1168 3603; x_wconf 91' lang='lat' dir='ltr'><strong>p.</strong></span> <span class='ocrx_word' id='word_1_184' title='bbox 1185 3534 1231 3602; x_wconf 76' lang='lat'><strong>4⁰,</strong></span> 
     </span>
     <span class='ocr_line' id='line_1_28' title="bbox 116 3616 1230 3695; baseline -0.006 -15"><span class='ocrx_word' id='word_1_185' title='bbox 116 3625 272 3695; x_wconf 72' lang='lat' dir='ltr'><strong>Duplnlo</strong></span> <span class='ocrx_word' id='word_1_186' title='bbox 288 3625 385 3692; x_wconf 78' lang='lat' dir='ltr'><strong>fretus,</strong></span> <span class='ocrx_word' id='word_1_187' title='bbox 402 3625 495 3678; x_wconf 82' lang='lat' dir='ltr'><strong>librum</strong></span> <span class='ocrx_word' id='word_1_188' title='bbox 510 3623 549 3679; x_wconf 72' lang='lat' dir='ltr'><strong>ito</strong></span> <span class='ocrx_word' id='word_1_189' title='bbox 569 3623 760 3678; x_wconf 60' lang='lat' dir='ltr'><strong>resumemus</strong></span> <span class='ocrx_word' id='word_1_190' title='bbox 774 3622 878 3690; x_wconf 82' lang='lat' dir='ltr'><strong>„prim</strong></span> <span class='ocrx_word' id='word_1_191' title='bbox 888 3621 956 3675; x_wconf 66' lang='grc' dir='ltr'><strong>ω’*</strong></span> <span class='ocrx_word' id='word_1_192' title='bbox 975 3619 1069 3673; x_wconf 81' lang='lat' dir='ltr'><strong>aiilon</strong></span> <span class='ocrx_word' id='word_1_193' title='bbox 1081 3631 1144 3673; x_wconf 70' lang='lat' dir='ltr'><strong>&#39;osso</strong></span> <span class='ocrx_word' id='word_1_194' title='bbox 1158 3616 1230 3673; x_wconf 70' lang='lat' dir='ltr'><strong>etta·</strong></span> 
     </span>
     <span class='ocr_line' id='line_1_29' title="bbox 118 3702 1230 3777; baseline -0.004 -15"><span class='ocrx_word' id='word_1_195' title='bbox 118 3713 172 3762; x_wconf 79' lang='lat' dir='ltr'><strong>mat</strong></span> <span class='ocrx_word' id='word_1_196' title='bbox 185 3719 271 3777; x_wconf 68' lang='lat' dir='ltr'><strong>„aaut</strong></span> <span class='ocrx_word' id='word_1_197' title='bbox 291 3707 360 3761; x_wconf 76' lang='lat'>1498</span> <span class='ocrx_word' id='word_1_198' title='bbox 374 3723 465 3775; x_wconf 69' lang='lat' dir='ltr'><strong>graece</strong></span> <span class='ocrx_word' id='word_1_199' title='bbox 478 3711 505 3761; x_wconf 85' lang='lat' dir='ltr'><strong>ot</strong></span> <span class='ocrx_word' id='word_1_200' title='bbox 523 3709 602 3762; x_wconf 82' lang='lat' dir='ltr'><strong>latino</strong></span> <span class='ocrx_word' id='word_1_201' title='bbox 620 3706 763 3761; x_wconf 76' lang='lat' dir='ltr'><strong>venetiis.“</strong></span> <span class='ocrx_word' id='word_1_202' title='bbox 798 3704 904 3759; x_wconf 71' lang='lat' dir='ltr'><strong>Scilicet</strong></span> <span class='ocrx_word' id='word_1_203' title='bbox 921 3705 972 3758; x_wconf 79' lang='lat' dir='ltr'><strong>lato</strong></span> <span class='ocrx_word' id='word_1_204' title='bbox 993 3716 1060 3756; x_wconf 81' lang='lat' dir='ltr'><strong>sano</strong></span> <span class='ocrx_word' id='word_1_205' title='bbox 1073 3702 1151 3757; x_wconf 82' lang='lat' dir='ltr'><strong>latino</strong></span> <span class='ocrx_word' id='word_1_206' title='bbox 1171 3707 1230 3758; x_wconf 81' lang='lat' dir='ltr'><strong>tm-</strong></span> 
     </span>
     <span class='ocr_line' id='line_1_30' title="bbox 117 3790 1288 3862; baseline 0 -16"><span class='ocrx_word' id='word_1_207' title='bbox 117 3796 172 3846; x_wconf 77' lang='lat' dir='ltr'><strong>ton</strong></span> <span class='ocrx_word' id='word_1_208' title='bbox 187 3790 300 3861; x_wconf 75' lang='lat' dir='ltr'><strong>prodiit,</strong></span> <span class='ocrx_word' id='word_1_209' title='bbox 319 3790 433 3860; x_wconf 69' lang='lat' dir='ltr'><strong>Georgia</strong></span> <span class='ocrx_word' id='word_1_210' title='bbox 456 3792 526 3846; x_wconf 76' lang='lat' dir='ltr'><strong>Valla</strong></span> <span class='ocrx_word' id='word_1_211' title='bbox 544 3795 697 3862; x_wconf 79' lang='lat' dir='ltr'><strong>lniorpreto.</strong></span> <span class='ocrx_word' id='word_1_212' title='bbox 1284 3847 1288 3855; x_wconf 79' lang='grc'><em>,</em></span> 
     </span>
    </p>

    <p class='ocr_par' dir='ltr' id='par_1_8' title="bbox 117 3869 1230 4113">
     <span class='ocr_line' id='line_1_31' title="bbox 188 3869 1230 3942; baseline -0.006 -14"><span class='ocrx_word' id='word_1_213' title='bbox 188 3876 228 3941; x_wconf 77' lang='grc'><strong>’·)</strong></span> <span class='ocrx_word' id='word_1_214' title='bbox 247 3875 328 3929; x_wconf 81' lang='lat' dir='ltr'><strong>Errat</strong></span> <span class='ocrx_word' id='word_1_215' title='bbox 350 3876 420 3930; x_wconf 75' lang='lat' dir='ltr'><strong>(las.</strong></span> <span class='ocrx_word' id='word_1_216' title='bbox 448 3876 604 3931; x_wconf 79' lang='lat' dir='ltr'><strong>Ootlnns</strong></span> <span class='ocrx_word' id='word_1_217' title='bbox 629 3875 785 3942; x_wconf 73' lang='lat' dir='ltr'><strong>(comment</strong></span> <span class='ocrx_word' id='word_1_218' title='bbox 808 3873 841 3928; x_wconf 75' lang='lat' dir='ltr'><strong>ola</strong></span> <span class='ocrx_word' id='word_1_219' title='bbox 861 3869 1030 3942; x_wconf 70' lang='lat' dir='ltr'><strong>scriptoribus</strong></span> <span class='ocrx_word' id='word_1_220' title='bbox 1052 3869 1145 3924; x_wconf 73' lang='lat' dir='ltr'><strong>scelos.</strong></span> <span class='ocrx_word' id='word_1_221' title='bbox 1163 3870 1230 3924; x_wconf 80' lang='lat' dir='ltr'><strong>mll-</strong></span> 
     </span>
     <span class='ocr_line' id='line_1_32' title="bbox 117 3952 1229 4031; baseline -0.007 -16"><span class='ocrx_word' id='word_1_222' title='bbox 117 3962 175 4031; x_wconf 68' lang='lat' dir='ltr'><strong>qul·</strong></span> <span class='ocrx_word' id='word_1_223' title='bbox 196 3959 226 4014; x_wconf 73' lang='grc' dir='ltr'><strong>Τ.</strong></span> <span class='ocrx_word' id='word_1_224' title='bbox 244 3956 265 4026; x_wconf 91' lang='lat' dir='ltr'><strong>l,</strong></span> <span class='ocrx_word' id='word_1_225' title='bbox 289 3959 361 4028; x_wconf 81' lang='lat' dir='ltr'><strong>Llps.</strong></span> <span class='ocrx_word' id='word_1_226' title='bbox 381 3961 458 4015; x_wconf 75' lang='lat'><strong>1722.</strong></span> <span class='ocrx_word' id='word_1_227' title='bbox 478 3960 546 4026; x_wconf 69' lang='lat' dir='ltr'><strong>rot,</strong></span> <span class='ocrx_word' id='word_1_228' title='bbox 571 3974 596 4028; x_wconf 87' lang='lat' dir='ltr'><strong>p.</strong></span> <span class='ocrx_word' id='word_1_229' title='bbox 614 3958 679 4025; x_wconf 69' lang='lat'><strong>204)</strong></span> <span class='ocrx_word' id='word_1_230' title='bbox 701 3958 791 4013; x_wconf 77' lang='lat' dir='ltr'><strong>diosus</strong></span> <span class='ocrx_word' id='word_1_231' title='bbox 815 3956 886 4012; x_wconf 79' lang='lat' dir='ltr'><strong>mun</strong></span> <span class='ocrx_word' id='word_1_232' title='bbox 903 3959 996 4009; x_wconf 71' lang='lat' dir='ltr'><strong>natan</strong></span> <span class='ocrx_word' id='word_1_233' title='bbox 1012 3952 1127 4015; x_wconf 70' lang='lat' dir='ltr'><strong>sallom</strong></span> <span class='ocrx_word' id='word_1_234' title='bbox 1149 3953 1229 4007; x_wconf 77' lang='lat' dir='ltr'><strong>lutosa</strong></span> 
     </span>
     <span class='ocr_line' id='line_1_33' title="bbox 117 4042 591 4113; baseline -0.006 -14"><span class='ocrx_word' id='word_1_235' title='bbox 117 4045 217 4113; x_wconf 68' lang='lat' dir='ltr'><strong>Regios</strong></span> <span class='ocrx_word' id='word_1_236' title='bbox 235 4042 410 4098; x_wconf 78' lang='lat' dir='ltr'><strong>Bibliothecae</strong></span> <span class='ocrx_word' id='word_1_237' title='bbox 429 4045 591 4100; x_wconf 79' lang='lat' dir='ltr'><strong>Parisiensls.</strong></span> 
     </span>
    </p>

    <p class='ocr_par' dir='ltr' id='par_1_9' title="bbox 188 4116 1229 4196">
     <span class='ocr_line' id='line_1_34' title="bbox 188 4116 1229 4196; baseline -0.012 -13"><span class='ocrx_word' id='word_1_238' title='bbox 188 4127 249 4194; x_wconf 74' lang='lat' dir='ltr'><strong>u⁸)</strong></span> <span class='ocrx_word' id='word_1_239' title='bbox 267 4127 426 4183; x_wconf 71' lang='lat' dir='ltr'><strong>Glorioso</strong></span> <span class='ocrx_word' id='word_1_240' title='bbox 447 4128 466 4184; x_wconf 94' lang='lat' dir='ltr'><strong>l.</strong></span> <span class='ocrx_word' id='word_1_241' title='bbox 482 4144 516 4196; x_wconf 79' lang='lat' dir='ltr'><strong>a,</strong></span> <span class='ocrx_word' id='word_1_242' title='bbox 534 4142 548 4180; x_wconf 82' lang='lat' dir='ltr'><strong>a</strong></span> <span class='ocrx_word' id='word_1_243' title='bbox 566 4126 612 4181; x_wconf 86' lang='lat' dir='ltr'><strong>lo.</strong></span> <span class='ocrx_word' id='word_1_244' title='bbox 625 4127 695 4184; x_wconf 78' lang='lat' dir='ltr'><strong>All.</strong></span> <span class='ocrx_word' id='word_1_245' title='bbox 716 4127 881 4182; x_wconf 73' lang='lat' dir='ltr'><strong>Fabricio</strong></span> <span class='ocrx_word' id='word_1_246' title='bbox 897 4123 1034 4195; x_wconf 77' lang='lat' dir='ltr'><strong>(Billtollr.</strong></span> <span class='ocrx_word' id='word_1_247' title='bbox 1050 4137 1090 4190; x_wconf 67' lang='lat' dir='ltr'><strong>gr.</strong></span> <span class='ocrx_word' id='word_1_248' title='bbox 1105 4118 1145 4173; x_wconf 81' lang='lat' dir='ltr'><strong>ol.</strong></span> <span class='ocrx_word' id='word_1_249' title='bbox 1159 4116 1229 4171; x_wconf 75' lang='lat' dir='ltr'><strong>llor-</strong></span> 
     </span>
    </p>
   </div>
   <div class='ocr_carea' id='block_1_8' title="bbox 0 0 1358 4666">
    <p class='ocr_par' dir='ltr' id='par_1_10' title="bbox 0 0 1358 4666">
     <span class='ocr_line' id='line_1_35' title="bbox 0 0 1358 4666; baseline 0 0"><span class='ocrx_word' id='word_1_250' title='bbox 0 0 1358 4666; x_wconf 95' lang='lat' dir='ltr'><strong> </strong></span> 
     </span>
    </p>
   </div>
  </div>
 </body>
</html>
