2708 4666
380 192 533 255 onsno
556 192 614 256 ao
640 192 840 282 unmoos.
1117 192 1180 261 11⁷

59 367 198 429 usturam
221 363 415 427 minimorum
446 368 597 427 seminum
624 370 758 427 naturae
789 366 922 428 similem
947 383 1019 434 esse
1043 369 1177 431 seimus:

60 476 173 555 prippe
195 493 292 553 quum
313 492 355 537 ex
376 477 487 554 parvis
508 477 673 538 momentis
699 479 763 536 ista
790 478 998 537 eorroborata
1020 480 1072 557 sit,
1104 498 1179 540 rur·

126 590 235 645 tamen
257 585 470 664 dissolvetur,
508 587 538 646 si
560 586 652 645 tidem
674 585 846 646 habeamus
869 587 978 646 verbis
1003 589 1054 647 dei
1077 605 1178 673 neque

58 696 200 772 nosipsi
230 695 430 772 dissipemus.
483 695 551 772 0pe
580 695 661 755 enim
692 695 853 755 cuiusdam
887 691 1006 757 occulti
1031 692 1179 761 thesauri

57 806 132 867 deas
156 804 243 865 bona
263 808 372 865 nostra
395 805 457 866 sibi
480 807 613 880 asserit,
652 821 744 879 quem
774 806 847 865 dum
875 805 1011 865 fodimus
1043 805 1179 883 pulvere

58 915 181 991 quidem
201 914 325 991 impteti
344 931 461 991 sumus,
493 916 528 976 ut
556 916 660 973 autem
689 915 770 974 fixus
799 915 890 974 nobis
920 918 1046 975 maneat
1074 916 1178 977 etiiei·

57 1040 129 1084 uns.
188 1022 249 1092 oui
279 1023 360 1083 euim
387 1024 486 1084 totum
516 1023 598 1084 hune
629 1023 811 1084 thesaurum
836 1026 983 1101 possidet
1003 1026 1179 1103 pretiosio·

58 1148 106 1193 res
126 1132 402 1193 divitiasuaetus
436 1136 496 1193 est.
546 1132 651 1209 Atque
683 1132 763 1192 haee
792 1134 917 1209 quidem
944 1137 1062 1195 uostris
1093 1136 1178 1197 diota

59 1241 125 1301 siut.
170 1241 274 1301 Vobis
294 1242 398 1302 autem
421 1242 550 1302 Graeeis
571 1243 647 1318 quid
670 1242 755 1301 aliud
775 1242 885 1320 dinam,
907 1244 969 1304 uisi
991 1248 1025 1305 ut
1049 1263 1089 1304 ne
1109 1261 1177 1306 me·

60 1349 191 1410 tioribus
214 1351 384 1411 convitium
413 1350 554 1430 faciatis,
594 1368 693 1426 neve,
723 1353 751 1411 si
773 1352 904 1411 barbari
927 1354 1081 1430 dicuntur,
1103 1355 1176 1415 inde

62 1475 166 1519 susam
184 1460 350 1537 arripiatis
369 1460 565 1521 cavillandit
616 1459 694 1520 Nam
722 1478 778 1521 eur
807 1462 862 1520 alii
885 1461 1018 1521 aliorum
1038 1462 1176 1539 linguam

62 1569 190 1631 iuuioem
215 1568 396 1647 intelligere
419 1570 638 1648 nonpossint,
662 1586 799 1647 eausam,
832 1571 860 1629 si
895 1571 1027 1648 cupitis,
1059 1586 1178 1647 eogno-

63 1695 147 1739 seere
171 1680 337 1756 poteritis;
360 1681 451 1740 vobis
476 1681 573 1757 enim,
595 1682 705 1739 nostra
727 1680 887 1755 inquirere
920 1680 948 1739 si
976 1679 1094 1756 uelitis,
1125 1678 1177 1738 fa·

63 1789 147 1849 odem
173 1791 209 1849 et
229 1790 391 1867 copiosam
412 1790 625 1850 narrationem
644 1789 815 1849 instituam.

65 2125 132 2193 pnisu
157 2124 309 2179 &emonam
336 2127 363 2178 in
389 2126 462 2179 nobis
493 2128 547 2195 agit
573 2131 600 2180 et
635 2125 769 2178 simonet:
787 2112 1012 2191 Ταίεαμὶνοῦν
1025 2120 1178 2191 sinderedo

67 2212 168 2275 ποιοίη
210 2210 257 2264 sed
294 2226 384 2265 rursus
418 2216 506 2283 potest
535 2212 600 2279 tolli,
635 2204 717 2277 desis
734 2208 857 2271 οἰκείους
876 2209 1044 2278 (christianae
1070 2209 1176 2276 religio-

10 2308 12 2315 ·
66 2294 191 2349 dammodo
209 2296 327 2349 omnibus
344 2298 441 2351 uiribus
459 2297 536 2350 rerba
559 2296 602 2349 dei
634 2294 676 2347 nis
694 2296 841 2361 consortes)
868 2291 1004 2361 sipisim.
1021 2320 1056 2332 -
1090 2295 1176 2348 iters-

67 2377 173 2449 (io'yosc
198 2382 286 2449 θεοῦ]
305 2382 493 2452 amplectamur.
530 2382 600 2435 [teus
635 2394 684 2432 nus
703 2380 779 2431 uerte
798 2379 885 2447 inepte
912 2377 943 2431 ad
961 2377 1085 2432 diabolum
1103 2382 1178 2432 retu·

67 2468 125 2520 oi·
141 2468 290 2521 demtum
316 2468 358 2534 (in
381 2468 456 2533 egro)
480 2467 600 2520 recondi·
635 2465 674 2532 lit,
692 2464 754 2533 „qui
772 2467 860 2516 nostra
873 2464 967 2517 inuasit
980 2465 1101 2516 etomnis
1114 2479 1177 2533 pos·
1213 2480 1217 2489 ’

68 2553 111 2605 inm
128 2552 204 2605 uobis
230 2552 258 2604 in
284 2552 419 2622 seripturis
443 2553 526 2605 sacris
554 2552 599 2620 (ei.
635 2551 777 2604 sessionem
803 2564 875 2600 suum
903 2563 961 2602 esse
988 2546 1066 2616 ducii,
1086 2551 1177 2618 cuique

67 2650 86 2689 ι.
101 2635 132 2704 1)
149 2637 240 2690 sdert:
284 2650 359 2704 quem
387 2640 415 2689 ut
439 2637 600 2705 accipiamus,
636 2629 742 2704 (τούτῳ
759 2629 805 2701 di)
831 2633 986 2688 consistendi
1012 2636 1109 2704 copiam
1131 2633 1177 2689 ds-

68 2723 166 2790 reostrit
188 2722 273 2773 onnia
297 2736 362 2789 quse
381 2720 511 2774 hebemus.
546 2722 600 2775 Nee
635 2735 701 2785 mus,
724 2718 783 2772 dum
810 2719 961 2773 thesaurum
987 2720 1111 2773 occuitum
1136 2722 1177 2775 io*

67 2808 114 2861 a'ue
129 2820 223 2874 ιιῃο
239 2804 327 2859 labore
345 2807 466 2873 egregius
483 2806 526 2858 iiie
541 2808 600 2859 the·
635 2804 745 2858 dinus.“

68 2905 148 2945 sams
166 2891 302 2958 stioditur;
328 2892 364 2944 sie
382 2905 445 2943 uero
463 2893 600 2960 consequi·
704 2891 729 2944 6.
748 2890 898 2961 κονιορτῷ]
916 2890 976 2944 Aet.
996 2895 1022 2943 et
1038 2891 1107 2943 Fris.
1125 2909 1177 2944 so·

68 2991 116 3029 nur
130 2980 161 3030 st
175 2975 288 3029 tirmiter
306 2989 363 3028 eum
381 2978 553 3030 obtineamus:
574 2981 602 3030 et
635 2977 765 3044 stoproiv.
801 2977 926 3029 Similiter
941 2975 1054 3028 editores
1072 2978 1178 3042 praeter

68 3062 103 3128 ru
118 3062 247 3128 inustam
264 3061 320 3114 etus
345 3063 535 3130 possessionem
554 3061 600 3115 sd·
635 3061 778 3127 Muranum,
796 3062 839 3129 oui
857 3074 890 3112 ex
907 3060 967 3113 Par.
985 3058 1011 3111 1.
1030 3057 1048 3109 2
1065 3075 1178 3124 restop-

68 3145 112 3214 pti
133 3151 196 3200 mat
220 3145 322 3213 diritius
345 3148 372 3199 in
403 3161 479 3200 meou
507 3148 602 3200 habent
635 3147 675 3215 τῷ
699 3145 778 3199 dedit.
821 3145 890 3199 Fris.
916 3143 943 3195 in
969 3156 1050 3208 marg.
1073 3138 1179 3203 soreos

67 3230 136 3283 nutu
161 3230 333 3300 pretiosiores
364 3231 422 3283 istis
448 3246 512 3298 quas
537 3232 600 3287 reli·
635 3232 698 3285 τοῦ.

68 3320 179 3382 ΜΝ.
705 3313 731 3369 o.
749 3309 853 3385 τούτῳ]
871 3314 910 3366 Its
928 3312 1051 3365 litarsuus
1068 3326 1101 3363 or
1119 3311 1178 3367 Par.

10 3398 12 3407 '
59 3401 62 3407 '
125 3402 152 3455 8.
172 3397 270 3469 to'pose
285 3400 371 3469 θεοῦ]
390 3400 450 3454 Aet
478 3406 504 3454 et
520 3401 601 3469 Fris,
636 3401 661 3454 1.
686 3400 706 3454 2
728 3401 843 3469 reposuit
872 3414 920 3468 pro
945 3392 1070 3479 rodomo,
1111 3396 1180 3466 quod

67 3483 170 3543 timer.
197 3491 227 3541 et
258 3485 366 3555 Berotd.
396 3482 487 3554 λόγων
516 3488 599 3541 θεοῦ.
637 3483 698 3539 editi
714 3485 851 3538 habebunt.
875 3484 946 3536 idem
964 3496 1024 3537 mox
1041 3480 1179 3552 παρέσχο-

66 3568 106 3624 ite
120 3577 208 3627 sutem
229 3570 601 3638 miseramente)
636 3589 688 3638 psa
706 3567 898 3624 commendarit.

66 3658 211 3727 sumturum
230 3657 347 3711 coniecit.
706 3654 730 3708 7.
749 3650 903 3725 βάρβαροι]
923 3654 963 3708 ci.
982 3670 1005 3706 c.
1022 3653 1048 3708 1.
1065 3671 1092 3708 n.
1112 3655 1136 3706 1.

123 3741 151 3799 1.
182 3738 242 3797 Ani
270 3760 294 3796 r.
310 3761 336 3810 p.
357 3736 529 3810 oinospdooo
547 3743 601 3809 θη·
706 3741 732 3794 8.
749 3732 796 3809 ἢν]
825 3738 946 3806 Gesner„
979 3738 1097 3805 fiuntd,
1121 3738 1181 3792 ito·

63 3830 164 3897 mpod
191 3829 256 3898 ete]
293 3827 365 3881 Haeo
385 3828 463 3881 rents
484 3831 603 3895 spectant
637 3825 787 3892 relt.‚1)ue.
806 3817 852 3893 ἣν.

62 3913 90 3968 st
103 3916 251 3987 pmsboism
271 3928 311 3983 sp.
328 3913 421 3967 itatttu.
437 3911 481 3981 13,
493 3910 529 3966 11
542 3927 602 3966 uar-
707 3908 733 3963 s.
752 3907 948 3979 βουλομένοις]
974 3908 1054 3962 οο11.
1071 3909 1132 3962 meti
1154 3913 1182 3961 et

61 4005 144 4055 num.
180 4002 254 4068 Quae
272 3997 374 4067 quidem
396 3997 458 4051 sotis
475 3997 602 4051 christie-
639 3994 701 4049 editi
718 3990 899 4065 βουλόμενος.
944 3993 1017 4061 Quod
1036 4010 1112 4064 quum
1136 3992 1180 4045 vir

59 4088 98 4141 nis
122 4088 224 4156 emite
250 4088 323 4145 erat3
365 4082 412 4137 sed
435 4082 521 4154 psutio
545 4086 605 4151 post
640 4081 703 4135 terri
717 4080 809 4151 possit,
823 4079 1077 4135 ismiiarenusilism
1092 4090 1198 4138 emen,
