2708 4666
393 875 910 963 PRAEFATIO.

536 1126 758 1139 ᾖ

118 1274 267 1361 Tertium
282 1309 377 1361 nunc
395 1293 582 1362 saeculum
598 1291 774 1386 decurrit,
788 1312 836 1362 ex
853 1313 925 1383 qno
942 1292 1205 1386 Athenagorae

119 1421 321 1518 Supplicntio
347 1446 421 1517 pro
459 1423 677 1498 Christianis
708 1426 864 1518 primum
887 1424 988 1520 typis
1018 1422 1205 1520 descripta

118 1566 169 1653 est,
190 1582 259 1633 una
280 1581 361 1632 cnm
378 1561 542 1632 eiusdem
562 1567 723 1633 tractatu
743 1560 802 1630 De
820 1564 1080 1632 resurrectione
1102 1585 1204 1632 mor-

118 1699 232 1766 toorum
266 1695 408 1785 aliquot
438 1694 543 1765 annis
569 1702 654 1767 ante
688 1698 725 1766 in
756 1699 875 1769 lucem
901 1698 1061 1789 prolato.
1111 1695 1205 1769 Inde

118 1825 145 1896 in
169 1830 256 1902 hunc
288 1830 530 1924 scriptorem,
567 1839 737 1903 caeteros
769 1830 907 1908 saeculi
931 1830 1082 1902 secundi
1106 1849 1205 1923 apo-

117 1959 235 2054 logetas
262 1947 371 2054 ouum
397 1971 517 2035 mente
535 1965 794 2058 philosophica
823 1938 1088 2056 onnnigenaqne
1112 1985 1202 2036 eru-

118 2095 228 2170 ditione
253 2105 329 2170 tum
353 2099 515 2189 expolito
550 2100 696 2171 dicendi
721 2121 859 2191 genere
881 2102 994 2189 longo
1015 2119 1201 2191 superan-

118 2237 184 2327 tem,
213 2233 315 2304 multi
349 2233 420 2303 viri
453 2234 591 2304 literati
620 2253 771 2324 operam
801 2255 904 2305 suam
931 2233 1206 2323 impenderunt

118 2362 173 2436 Sed
194 2367 306 2439 editio
329 2367 448 2438 adhuc
475 2368 760 2439 desiderabatur
780 2389 874 2458 qnae
892 2375 1032 2439 textum
1058 2368 1119 2457 qui
1137 2368 1205 2439 di·-

117 2498 187 2571 citnr
208 2504 255 2572 ad
272 2499 383 2571 fidem
411 2502 630 2607 optimorum
661 2504 826 2573 codicum
850 2524 958 2574 manu
978 2505 1204 2593 scriptorum.

117 2639 300 2708 emendaret
318 2642 427 2726 atone
448 2637 540 2706 locis
554 2639 638 2728 plus
654 2637 844 2708 sententiis
866 2635 1028 2708 afferret.
1079 2635 1197 2727 Equi-

117 2766 175 2840 den
199 2770 320 2842 studui
340 2769 487 2842 efficere
511 2777 553 2841 ut
576 2771 713 2843 rectius
739 2774 888 2863 legatur
911 2772 974 2841 ille
999 2792 1044 2842 ac
1066 2772 1201 2842 melius

117 2900 325 2999 intelligatur.

190 3041 316 3112 Omnia
332 3040 547 3111 emendandi
566 3041 828 3133 Athenagorae
842 3039 1010 3110 subsidia
1024 3039 1061 3108 in
1078 3059 1203 3109 meum¹

117 3191 193 3247 usum
215 3176 361 3248 contuli.
412 3177 494 3260 Qua
508 3175 545 3245 in
571 3196 613 3245 re
638 3177 845 3247 liberaliter
868 3196 890 3245 a
912 3173 1004 3244 viris
1027 3173 1196 3244 clarissi-
1292 3161 1294 3164 ’

117 3307 165 3378 nis
191 3311 497 3402 doctissimisque,
539 3335 646 3403 quum
679 3311 923 3382 bibliothecas
954 3307 1056 3399 ipsas
1088 3307 1195 3379 adire

118 3463 169 3514 non
183 3452 417 3546 contingeret,
439 3472 508 3542 pro
529 3447 709 3540 singulari
728 3467 853 3517 eorum
870 3453 946 3514 turn
960 3463 1050 3534 erga
1064 3442 1195 3514 literas

118 3581 172 3651 iun
186 3591 271 3679 erga
296 3609 354 3660 me
374 3607 499 3657 amore
521 3606 598 3655 snm
622 3583 777 3653 adiutus.
831 3578 916 3650 Non
939 3597 1089 3669 possum
1107 3577 1198 3667 quin

120 3708 264 3795 Carolo
288 3722 556 3794 Benedicto
581 3717 725 3810 Hase,
753 3716 789 3786 in
811 3721 917 3806 parte
939 3705 1194 3785 Bibliothecae

120 3839 349 3940 lucernariae
373 3856 564 3929 Parisinae
594 3852 741 3925 codices
765 3871 873 3924 manu
900 3849 1058 3941 scriptos
1091 3867 1202 3918 eom·-
