2708 4666
263 216 270 223 ’
337 208 392 280 os
414 210 750 280 ussunnncrtonn
772 212 1029 297 uonruonus.
1158 213 1222 282 atu

106 389 302 468 argumentis
328 388 414 450 dicta
444 387 625 465 confirmet,
654 403 715 449 non
743 387 921 450 lorinsecus
945 391 1091 452 alicunde
1121 391 1223 454 dedu-

106 500 209 578 citur,
239 488 302 558 aut'
322 513 363 557 ex
390 498 429 556 ils
453 512 534 574 quae
559 497 702 558 nonnulli
721 498 890 576 opinantur
914 503 969 559 aut
995 501 1115 579 opinati
1137 507 1219 580 suut,
1312 512 1317 518 '

107 608 167 670 sed
182 624 224 668 ex
239 606 391 669 communi
408 609 441 666 et
461 606 599 666 naturali
622 607 744 667 ratione
763 609 817 667 aut
838 609 1051 686 posteriorum
1074 626 1114 671 ex
1130 613 1220 690 prio·

105 718 199 778 ribus
230 717 463 779 eonsoeutione.
508 716 570 776 Vel
601 717 681 776 onim
708 717 748 776 de
779 717 889 795 primis
912 719 1076 796 principiis
1106 721 1221 798 agitur,

106 831 141 889 et
164 830 229 888 tum
254 826 324 887 sela
349 841 428 902 opus
446 829 496 886 est
511 826 722 886 admonitione
738 827 779 886 ad
799 828 973 887 naturalem
988 828 1146 891 notionem
1162 847 1221 891 ex·

106 939 274 1014 citandam,
296 936 350 995 vel
372 936 412 996 de
434 935 473 994 iis
495 952 576 1012 quae
600 936 769 996 secundum
787 939 929 997 naturam
954 953 994 996 ex
1018 935 1128 1015 primis
1143 954 1221 1001 con-

107 1048 283 1124 sequuntur
305 1059 341 1105 ac
363 1045 403 1104 dc
424 1045 561 1105 naturali
584 1046 686 1125 serie,
709 1047 743 1105 et
766 1047 830 1105 tum
852 1061 933 1123 opus
949 1050 1000 1106 est
1014 1046 1064 1107 luis
1079 1049 1110 1107 in
1125 1049 1221 1111 rebus

108 1158 253 1218 ordinem
283 1154 454 1234 adhibere,
477 1154 720 1215 demonstrando
744 1155 819 1230 quid
843 1156 952 1233 primis
975 1157 1028 1216 vel
1050 1158 1222 1237 principem

108 1268 214 1328 locum
230 1263 409 1326 tenentibus
425 1279 501 1324 vere
516 1263 706 1340 cohaereat,
728 1264 761 1323 ut
784 1279 841 1324 nec
857 1265 977 1326 veritas
1001 1270 1056 1327 aut
1077 1268 1223 1330 veritatis

109 1380 180 1437 tuta
202 1374 429 1437 demonstratio
460 1373 657 1450 negligatur,
683 1388 742 1432 nec
766 1389 846 1449 quae
878 1371 991 1436 naturai
1015 1377 1159 1438 ordinata
1190 1382 1224 1439 et

109 1486 260 1548 distincta
282 1488 354 1546 sunt
379 1481 609 1543 confundantur
629 1483 684 1542 aut
710 1483 864 1543 naturalis
894 1485 996 1545 series
1017 1485 1223 1549 distrahatur.
1349 1472 1352 1477 ¹

109 1595 199 1656 Unde
227 1594 367 1656 arbitror
390 1595 540 1671 oportere
561 1593 596 1651 ut
611 1592 664 1669 qui
689 1609 821 1668 acquum
843 1594 883 1653 ad
904 1595 1100 1672 propositam
1124 1613 1224 1673 quae·

110 1706 247 1765 ettonem
270 1704 406 1765 studium
430 1702 581 1778 afferunt,
604 1708 699 1776 atquc
720 1702 894 1778 prudenter
916 1704 1089 1766 diiudicare
1113 1707 1225 1768 volunt

111 1817 217 1875 uuum
243 1812 351 1874 lutura
382 1812 425 1873 sit
448 1827 508 1871 nee
529 1826 568 1871 ne
597 1810 800 1871 humanorum
823 1828 990 1891 corporum
1020 1817 1225 1895 resurrectio,

111 1940 191 2003 prae
216 1923 352 1984 caeteris
374 1922 495 1981 attente
513 1919 714 1980 considerent
729 1937 821 1996 quam
840 1922 902 1981 vim
925 1923 1063 1984 habeant
1077 1942 1157 2002 quae
1183 1928 1226 1988 ad

112 2033 207 2094 huius
228 2031 277 2091 rei
302 2030 598 2091 demonstrationem
625 2029 751 2107 valent,
780 2033 813 2090 et
838 2047 928 2106 quem
957 2050 1099 2110 quaeque
1123 2035 1225 2096 locum

114 2134 258 2218 teneant,
290 2144 323 2199 et
352 2139 477 2216 quidem
506 2137 579 2215 quid
602 2138 685 2198 inter
705 2154 743 2198 ea
767 2139 838 2213 [sit]
862 2141 994 2217 primum
1017 2141 1091 2219 quid
1109 2124 1225 2206 secun·¹

115 2253 186 2315 dum
201 2246 275 2329 quid
295 2250 422 2310 tertium
439 2248 513 2325 quid
537 2246 671 2324 denique
691 2249 891 2325 postremum.
920 2249 1026 2327 Atque
1043 2252 1074 2310 in
1090 2249 1141 2312 luis
1156 2253 1224 2314 dis·

114 2356 269 2442 ponendis
300 2360 402 2437 primo
423 2358 494 2418 loeo
514 2357 683 2417 statuenda
705 2340 755 2416 eat
776 2359 945 2419 creationis
969 2357 1125 2420 hominum
1149 2378 1226 2423 cau·

115 2489 170 2549 sa,
199 2471 232 2531 id
267 2471 318 2530 est
339 2468 502 2528 consilium
531 2467 615 2543 quod
645 2467 779 2526 intendit
806 2469 933 2528 creator
954 2484 1046 2545 quum
1074 2467 1227 2532 hominem

118 2582 212 2658 iecit,
248 2578 321 2639 luuic
343 2576 453 2637 deiude
478 2576 703 2636 convenienter
731 2577 944 2639 subnectenda
971 2581 1021 2638 est
1051 2581 1228 2642 creatorum
1314 2555 1318 2559 ¹

117 2691 276 2754 hominum
296 2689 427 2763 natura,
455 2702 516 2746 non
545 2687 629 2761 quod
652 2687 761 2746 ordine
786 2688 948 2765 posterior
975 2689 1034 2769 sit,
1063 2690 1122 2751 sed
1144 2693 1229 2767 quod

117 2992 167 3032 uus
185 2988 239 3029 nen
253 2970 350 3025 dubitat
363 2971 423 3038 quin
438 2974 527 3023 ructu
543 2970 657 3040 scripse·
691 2983 731 3036 αα.
757 2967 808 3020 Pru
833 2967 1056 3035 διαταξαμένου
1081 2973 1140 3025 Aet.
1164 2974 1228 3028 dre-

118 3063 154 3115 rll
170 3050 224 3128 ἦν,
250 3070 296 3126 per
322 3055 487 3124 parenthesin
514 3049 593 3120 οἶμαι
612 3052 657 3106 ad·
692 3049 860 3117 ταξαμένοα.
909 3051 1024 3106 Nunnius
1058 3050 1134 3108 τοῦτ’
1168 3052 1228 3110 ἔστι

119 3145 202 3199 deus:
230 3141 335 3208 „onde‚
368 3141 478 3206 opinor,
502 3153 556 3207 pur
581 3135 658 3189 erut“
692 3135 777 3205 (codd.
797 3136 982 3202 msti)‚caelerl
999 3138 1072 3192 edllt.
1091 3136 1227 3195 rectiore.

118 3236 165 3298 4,
182 3226 233 3282 ulei
250 3225 317 3278 torte
330 3224 388 3292 quis
405 3222 473 3290 legul
491 3225 574 3277 miuus
592 3220 658 3274 belle
760 3219 802 3272 12.
822 3215 976 3283 lellorell.
990 3227 1017 3274 et
1029 3223 1093 3274 Duc.
1106 3221 1228 3278 mendose

121 3310 192 3372 duae
210 3306 290 3379 οἶμαι
306 3303 657 3370 rleucdssuuoasicllan-
692 3305 848 3358 omiserunt:
885 3311 1012 3375 comperet
1048 3305 1076 3358 in
1111 3306 1228 3361 omullus

118 3402 196 3456 slus:
222 3395 407 3464 ‚coamentem
431 3391 568 3444 convenire
586 3388 657 3441 arbl-
692 3387 764 3442 codd.
784 3390 901 3443 metiret
920 3388 1058 3457 respondet
1076 3402 1229 3456 praegresso

119 3483 205 3539 trer.“
245 3483 282 3535 at
307 3491 383 3540 rere,
411 3481 440 3529 ul
463 3477 511 3529 lam
538 3476 658 3528 maranus
692 3469 808 3542 πρώτην
832 3474 866 3541 (α.
887 3473 911 3525 1.
933 3488 959 3542 p.
978 3471 1012 3526 4⁰
1026 3473 1067 3537 0).
1102 3472 1166 3526 Tum
1183 3489 1230 3528 su·

120 3573 210 3623 centn
223 3565 330 3628 monuit,
350 3575 456 3614 necesse
470 3575 520 3613 nou
534 3564 574 3612 est
584 3557 658 3627 quid·
693 3572 739 3628 pra
755 3555 924 3625 peroptime,
942 3556 967 3609 id
985 3555 1052 3625 quod
1069 3555 1231 3612 auleeedentl

120 3667 196 3723 quam
213 3651 356 3711 immutare,
373 3644 447 3697 modo
465 3642 527 3696 illud
546 3642 660 3696 δίκαιον
694 3642 746 3709 τῆς
776 3642 833 3695 τῶν
864 3636 1027 3707 ἀνθρώπων
1051 3637 1231 3708 γενέσεως

120 3737 263 3790 redonnus
281 3731 311 3784 ad
336 3726 558 3791 lunouduudtuc.
586 3726 660 3779 Parl-
694 3725 835 3796 respondet
857 3724 1048 3792 (Seppius.
1071 3739 1098 3779 n.
1114 3725 1178 3794 1⁰),
1203 3728 1231 3782 iu

120 3825 163 3873 ter
182 3819 259 3884 ulibl,
278 3831 301 3871 e.
320 3834 346 3885 g.
374 3832 397 3869 c.
416 3816 448 3868 1³
463 3810 561 3867 “oceo
580 3807 660 3880 οἶμαι
695 3815 760 3881 Arg.
778 3813 884 3865 alterum
902 3826 919 3862 α
944 3811 1054 3878 positam
1072 3815 1112 3863 est
1133 3813 1169 3878 (e.
1187 3810 1230 3865 1³.

119 3905 181 3960 δεῖν
199 3906 259 3957 ari.
403 3909 408 3916 '
696 3914 721 3954 u.
741 3899 797 3965 15).

191 3988 235 4045 10.
254 3987 283 4042 tl
296 3983 339 4050 dl]
348 3985 480 4053 deplet.
490 3982 516 4036 3.
527 3980 620 4035 ῦΙιτ.2
634 3974 660 4048 ἢ.
764 3980 805 4033 13.
823 3972 885 4045 cdl]
903 3977 984 4032 liccat
997 3979 1022 4031 lu
1035 3974 1232 4044 settl'arAEt)

190 4073 233 4128 11.
252 4067 378 4140 ταύτην]
409 4068 507 4123 Paul
538 4068 660 4134 nocitor.
695 4069 722 4118 et
749 4063 814 4131 apud
838 4062 979 4131 Nunnium
1011 4064 1060 4116 lum
1085 4060 1232 4130 Stephanus

118 4160 158 4216 lle
177 4172 255 4214 emes
278 4134 418 4213 dudonis
443 4152 563 4223 exposuit
587 4147 661 4204 a12
696 4149 742 4215 (ex
760 4147 819 4199 Par.
836 4143 868 4214 ³)
892 4145 1005 4302 reflatu.

987 4244 1003 4280 Ι
