2708 4666
450 204 452 209 ’
490 187 877 266 Pnounuounnn.
1158 219 1234 275 xvu

121 372 258 442 stotaru
275 371 324 442 ad
341 372 483 449 Zonam
510 384 549 447 et
573 377 763 450 Serenum.
815 382 921 472 (lust.
946 379 1038 471 Opp.
1053 381 1146 456 'l'om
1169 383 1230 480 lit.

120 495 162 566 n.
184 495 213 588 1,
237 523 284 560 .—.
301 496 411 589 corp.
434 500 557 591 npou.
583 503 665 573 vu.
683 503 744 572 1v.
769 507 830 580 eo.
855 504 1028 577 aaaron.
1051 528 1087 596 p.
1109 507 1230 599 xvi.)

120 615 175 691 2⁰.
215 621 565 714 Athenagorae
594 629 726 697 tibrum
753 628 1100 723 Detreourreetione
1125 651 1229 702 ruor-
1306 654 1313 666 ·

120 752 287 838 tuorum,
318 745 382 816 fot.
412 750 585 820 16-16,
638 752 802 823 Titulus:
827 762 1044 849 uopvaydpov
1065 761 1229 859 ‹roqueta›

114 881 307 968 ’φιλοσόφου
335 890 522 968 χριστιανοῦ
557 896 633 975 περὶ
670 886 878 966 bendecar
905 890 970 953 τῶν
999 891 1126 970 νεκρῶν.
1177 880 1226 950 3⁰.

120 996 346 1068 Eiusdem
365 998 676 1089 Supplicatiouem
694 1022 764 1093 pro
780 1001 1007 1090 Christianis,
1034 1000 1097 1069 soi.
1119 1006 1167 1073 47
1181 1045 1224 1054 -

118 1123 191 1190 86:
226 1129 447 1220 Ἀθηναγόρου
470 1136 637 1224 οἷθηναίου
658 1137 837 1225 φιλοσόφου
866 1139 1051 1220 perniciori
1071 1143 1228 1222 πρεσβεία

118 1266 197 1342 περὶ
218 1263 421 1345 perarmate
467 1241 515 1320 40.
546 1253 729 1340 Excerpta
749 1270 795 1318 ex
813 1248 844 1315 Ε
852 1246 1089 1343 piphauii,
1112 1249 1227 1342 Cppri

118 1373 307 1466 episcopi,
335 1373 387 1444 lie
415 1377 594 1445 mensuris
620 1382 656 1444 et
680 1369 901 1477 ponderibus
922 1370 1028 1441 libro.
1062 1371 1112 1441 ⁶⁰.
1144 1371 1226 1443 Io-

118 1499 277 1591 oephi,
310 1500 545 1589 patriarchae
569 1476 974 1586 Constantinopolitani,
1010 1494 1225 1568 Confessio-

117 1642 203 1693 nenr
233 1622 333 1693 fidei.
382 1617 432 1693 60.
467 1625 654 1715 Epitoureo
670 1617 755 1710 libri
777 1616 1030 1707 Epiphanii
1053 1619 1106 1689 De
1128 1622 1225 1690 duo-

117 1747 241 1817 decim
279 1749 466 1838 lapidibus
504 1742 674 1818 rationaii
713 1753 840 1838 (λογίῳ)
876 1743 1004 1814 summi
1040 1744 1223 1834 pontificis

118 1871 339 1943 ludaeorum
360 1872 516 1943 insertis.
552 1858 599 1936 10.
634 1866 689 1935 Ex
714 1865 906 1935 Ioannis
933 1866 1146 1939 Damasceni
1169 1868 1221 1941 De

117 1996 191 2068 tide
208 1998 418 2069 orthodoxa
439 1992 542 2064 libris
562 1987 740 2079 quaedam
761 1993 807 2061 de
830 1991 948 2062 libero
972 1994 1136 2063 arbitrio.
1179 1994 1221 2063 In

117 2121 186 2193 tine
217 2128 341 2192 exstat
370 2123 458 2187 baec
484 2115 625 2184 librarii
657 2115 898 2204 subscriptio:
944 2126 1165 2215 ουάληριανὸς
1201 2128 1221 2195 ὅ

118 2236 453 2326 Ἅλβίνου·’κανονικός
472 2240 529 2319 τῆς
556 2234 721 2308 πολιτείας
741 2236 800 2297 τοῦ
819 2237 969 2320 Σωτῆρος
989 2235 1080 2323 ἡμῶν
1099 2239 1220 2325 ταύτην

119 2348 396 2438 troconitidem·
421 2348 529 2416 1532.
580 2344 648 2415 Hic
672 2347 790 2414 codex
816 2347 931 2437 igitur
954 2352 1003 2420 ab
1030 2352 1094 2419 illo
1122 2352 1218 2422 Va-

122 2482 305 2553 leriano
323 2468 581 2562 Foroliviensi‚
613 2469 688 2539 titio
716 2470 840 2541 Albini
873 2472 1057 2545 canonico
1086 2476 1217 2567 Regu-

121 2607 199 2695 tari,
234 2601 292 2671 cui
316 2599 506 2687 complura
543 2594 689 2663 'l'atiani
726 2598 944 2687 apographa
981 2600 1215 2695 debemus*),

122 2698 298 2797 confectus
323 2729 389 2790 est.
441 2718 495 2788 ct.
514 2718 630 2788 Catai.
658 2727 833 2790 mstorum
864 2723 1030 2794 codicum
1057 2724 1216 2816 Collegii

124 2844 380 2919 claromontani
410 2844 509 2932 (Par.
539 2845 659 2933 1764)
686 2864 720 2934 p.
738 2846 786 2914 26
803 2867 855 2933 sq.
884 2854 921 2916 et
955 2847 997 2916 H.
1020 2846 1061 2917 0.
1087 2849 1212 2920 (ioxe

124 2972 222 3041 catat.
239 2970 403 3040 codicum
421 2974 595 3037 motorum
616 2967 869 3038 Bibliothecae
887 2969 1113 3041 Bodleianae
1136 2972 1175 3041 P.
1195 2970 1213 3040 1

123 3093 242 3183 (Oxou.
276 3093 384 3164 1853.
408 3085 464 3182 40)
482 3114 516 3182 p.
537 3093 619 3161 770.
647 3132 690 3142 -
730 3091 772 3160 ln
794 3093 1092 3163 adnotationibus
1110 3094 1212 3183 Sup-

68 3190 73 3301 i
124 3218 292 3305 plicationi
335 3217 513 3307 appositis
551 3238 630 3287 curn
669 3216 850 3285 Marani
896 3216 992 3307 siglo
1035 3216 1211 3311 „Clar.“

68 3338 71 3437 j
126 3340 317 3433 designavi3
359 3343 396 3412 in
438 3343 533 3412 libro
566 3342 618 3412 De
653 3340 925 3411 resurreetione
964 3361 1046 3414 cum
1080 3344 1210 3415 eodem

68 3468 70 3491 ²
125 3462 247 3551 ,titan
271 3466 319 3536 1“
344 3467 486 3537 vocavi.

204 3570 281 3662 v1.'
324 3591 448 3661 ecee
470 3591 681 3661 Aetnaea
706 3588 981 3678 cxxxrur,
1009 3586 1209 3677 tunione-

128 3708 212 3786 beia
235 3714 395 3807 Collegii
419 3718 641 3787 Aetoneusis
668 3719 735 3786 sub
768 3736 855 3786 arce
877 3716 1120 3787 Windesoria
1143 3739 1208 3789 as-

128 3847 292 3929 enatus,
337 3841 374 3910 iu
407 3841 488 3935 seb,
522 3852 672 3931 praeter
706 3841 885 3910 tustini
918 3840 1122 3930 Epistotam
1158 3843 1207 3912 ad

73 3992 76 3999 ·
130 3984 328 4011 N.-

179 4101 202 4169 0)
216 4103 254 4159 ct.
268 4104 368 4160 Tutin.
385 4105 456 4161 Orat.
472 4103 503 4159 nd
516 4105 565 4160 tir.
583 4107 629 4173 (2-
642 4104 718 4175 corp.
727 4102 812 4174 Apoll.
830 4104 885 4159 Vol.
900 4104 946 4173 Vi)
963 4104 1044 4159 Proit.
1058 4118 1083 4173 p.
1096 4103 1207 4171 xusqq.

952 4202 975 4271 b
