2708 4666
281 215 283 220 .
327 155 382 219 BR
402 153 735 219 RESURRECTIONE
755 158 1012 225 Moenoenum
1162 157 1227 223 me

119 332 324 392 vitiositatem
346 345 408 391 non
429 328 549 389 animae
572 346 590 388 a
611 345 745 407 corpore
768 334 935 412 separatae
957 334 990 392 et
1011 347 1071 410 per
1090 327 1227 410 seipsam

117 439 336 522 exsistentia),
358 430 468 501 borum
491 440 593 499 autem
618 439 791 500 mercedem
817 444 871 502 aut
890 458 1021 520 poenam
1043 442 1074 502 in
1095 442 1226 503 animam

118 552 219 612 solam
248 550 350 611 tersit
381 551 444 611 Aut
474 549 627 625 quomodo
650 548 763 625 aliquis
785 550 1000 614 fortitudinem
1022 554 1056 611 et
1077 555 1226 613 constan-

118 664 193 723 tiam
232 661 335 740 possit
364 661 418 720 vel
444 660 586 737 cogitare
610 659 640 719 in
670 660 739 720 sola
770 661 888 735 anima,
920 677 999 737 quae
1027 677 1087 721 non
1116 664 1227 724 mortis

119 775 231 831 metum
247 770 354 846 babet,
374 787 435 831 non
456 770 598 830 vulneris
620 787 682 830 non
704 770 909 831 abscissionis
932 770 1139 831 membrorum
1164 788 1225 832 non

118 882 222 942 damni
249 897 310 942 nou
331 883 529 941 cruentorum
550 880 733 953 verberum,
761 897 822 940 non
850 880 912 940 orti
932 897 973 939 ex
996 880 1148 941 eiusmodi
1170 898 1225 942 re·

116 992 178 1053 bue
198 991 318 1051 doloris
341 991 393 1050 vel
420 1007 461 1050 ex
483 990 593 1049 dolore
616 990 785 1050 miseriaci
821 989 980 1058 Quomodo
1005 991 1224 1052 continentiam

117 1105 152 1163 st
177 1101 429 1179 imperantium,
450 1100 535 1160 nulla
560 1113 629 1159 eam
650 1100 822 1177 cupiditate
843 1100 884 1159 od
906 1099 1007 1161 cibum
1030 1103 1084 1162 aut
1110 1101 1224 1166 coitum

119 1216 175 1274 aut
202 1212 282 1272 alias
309 1210 490 1287 voluptates
515 1214 556 1270 et
580 1209 807 1270 oblectationes
837 1209 1002 1286 brabante,
1035 1227 1136 1288 neque
1160 1212 1225 1272 ulla

118 1339 156 1381 re
183 1321 246 1382 alia
277 1324 331 1380 aut
358 1321 545 1380 intrinsecus
573 1319 779 1398 perturbante
808 1323 863 1379 aut
889 1321 1085 1380 extrinsecus
1112 1292 1224 1382 stimu-

118 1432 231 1493 lentei
254 1429 413 1498 Quomodo
435 1429 651 1508 prudentiam,
671 1446 732 1489 non
754 1429 905 1490 subiectis
928 1431 957 1490 ei
976 1431 1106 1507 agendis
1127 1432 1224 1492 rebus

118 1546 173 1603 aut
194 1557 254 1601 non
275 1540 416 1617 agendis,
438 1540 592 1616 eligendis
614 1551 669 1599 ant
689 1539 857 1617 fugiendis,
878 1542 968 1602 immo
993 1541 1080 1601 nulla
1101 1543 1224 1602 omnino

117 1653 211 1712 insita
232 1652 262 1710 ei
282 1650 418 1710 motione
443 1652 498 1711 aut
520 1649 656 1709 naturali
678 1650 720 1710 ad
741 1650 860 1726 aliquid
886 1651 1060 1712 iaciendum
1083 1653 1224 1730 impetui

118 1762 278 1832 Quomodo
306 1762 409 1821 autem
435 1760 596 1819 animabus
625 1760 747 1820 omnino
774 1760 891 1821 iustitia
914 1765 1067 1839 congruat
1089 1778 1165 1839 erga
1187 1761 1224 1824 sa

117 1874 247 1934 invicem
279 1871 331 1930 vel
351 1886 428 1947 erga
450 1870 535 1929 eliud
558 1870 723 1946 quidquam
745 1870 885 1930 eiusdem
908 1873 963 1933 aut
984 1872 1103 1932 diversi
1125 1889 1224 1950 geue·

117 1986 174 2061 ris,
196 2000 288 2059 quum
308 1998 370 2041 non
397 1979 535 2039 babeant
556 1996 615 2039 uec
634 1980 715 2040 unde
730 1997 788 2038 neo
807 1997 866 2058 per
890 1997 969 2056 quae
992 1997 1049 2042 neo
1070 1985 1225 2059 quomodo

117 2110 177 2172 pro
200 2094 318 2153 meritis
341 2094 395 2151 aut
416 2106 478 2168 pro
497 2090 650 2150 rationum
664 2091 801 2166 paritate
816 2107 917 2167 aequa
941 2091 1142 2170 distribuant,
1164 2111 1224 2155 ex·

117 2208 210 2282 cepta
243 2204 295 2263 dei
314 2200 521 2278 reverentia,
544 2215 697 2276 quumque
726 2204 895 2276 praeterea
921 2217 982 2262 non
1004 2201 1143 2263 babeant
1164 2204 1224 2265 im·

118 2321 224 2395 petum
245 2314 298 2373 vel
321 2313 485 2373 motionem
507 2311 547 2370 ad
569 2327 656 2370 usum
678 2311 877 2386 propriarum
898 2319 1002 2372 rerum
1024 2315 1079 2374 aut
1101 2314 1142 2374 ad
1164 2313 1223 2374 abss

118 2426 295 2487 stinentiam
324 2424 512 2498 alienarum,
541 2421 568 2480 si
591 2420 713 2496 quidem
736 2436 811 2479 usus
835 2435 942 2481 eornm
971 2439 1051 2498 quae
1074 2427 1146 2483 sunt
1168 2441 1223 2484 se-

119 2536 250 2598 cundum
272 2535 412 2593 naturam
429 2536 482 2592 ant
504 2530 693 2591 abstinentia
715 2529 746 2588 in
770 2529 809 2589 iis
833 2533 996 2607 spectatur
1017 2533 1070 2607 qui
1092 2533 1135 2592 ita
1156 2535 1222 2593 nati

118 2650 192 2708 sunt
222 2648 254 2705 nt
277 2645 398 2721 possint
420 2643 484 2718 uti,
513 2642 613 2701 anima
637 2645 740 2701 autem
757 2657 814 2701 neo
843 2640 909 2700 ulla
931 2657 966 2700 re
996 2644 1070 2720 eget
1090 2659 1149 2704 nec
1174 2644 1220 2705 ita

119 3000 159 3069 ὥς
173 2999 241 3059 ὅταν
254 2999 376 3073 ἀξιῶμεν
390 3000 441 3058 ro'a
457 3001 544 3074 μέγαν
561 2999 652 3070 ἄνδρα
686 3001 736 3069 τῆς
753 3002 778 3053 in
793 2999 853 3052 Aen.
872 3001 989 3055 omissus.
1024 2999 1128 3054 Folius:
1147 3002 1221 3068 „Ex-

116 3087 250 3161 μεγάλοις
275 3085 373 3153 ὅπλοις
398 3092 580 3158 κοσμεῖσθαι,
597 3083 652 3142 dc·
686 3088 746 3153 cipit
766 3083 807 3137 det
826 3085 929 3150 cultum,
948 3084 1072 3154 siquidem
1092 3084 1118 3138 id
1143 3102 1220 3140 unum

117 3175 213 3240 αὔτως
230 3177 277 3231 aui
295 3173 348 3231 roo
361 3171 531 3231 διδάσκαλον
547 3174 652 3246 γονέων
686 3173 766 3224 aniona
790 3170 845 3222 sola
874 3168 990 3237 expediri
1007 3169 1105 3238 possit,
1132 3171 1221 3224 locun.
1286 3197 1288 3201 ⁴

118 3261 267 3332 induratos
291 3265 445 3332 τιμᾶοθαι,
472 3263 518 3317 ἵνα
546 3261 585 3333 μή
604 3261 651 3317 xci
687 3253 713 3319 4·
733 3255 795 3308 w

117 3355 214 3405 πλεῖον
239 3347 315 3419 λέγω.
352 3349 387 3405 Oi
414 3346 465 3418 uie
487 3347 539 3418 yde
563 3353 652 3419 poesie
755 3341 797 3396 11·
823 3339 916 3404 mm]
936 3341 1011 3413 ,Mb
1037 3340 1123 3396 ‘01⁴³'-
1159 3343 1220 3397 b1⁰¹

117 3436 152 3492 ec*
170 3431 264 3498 ἅπλῶς
282 3432 354 3490 εἶναι
373 3435 513 3504 παρέσχον
530 3431 605 3503 ἡμῖν,
624 3434 652 3489 oi
685 3427 776 3481 ibidem
808 3426 864 3478 reis
886 3430 945 3479 ante
974 3421 1083 3493 uncto.
1117 3427 1220 3484 excidit.

117 3519 284 3577 trescentos
302 3519 332 3576 δὲ
349 3518 382 3576 τό
408 3512 440 3578 εὖ
457 3517 537 3577 river.
571 3517 651 3592 Ἐξῄ-
688 3511 788 3565 (318ὺῖ
806 3507 951 3578 dicacior.
1263 3590 1264 3594 Ἰ

118 3627 202 3677 popam
229 3605 260 3662 dt
286 3605 395 3662 recreo
416 3601 484 3670 &ade
512 3609 560 3662 uui
578 3603 594 3677 ἡ
612 3608 653 3671 εἰς
754 3612 795 3666 12.
814 3611 913 3681 φύσιν]
945 3614 1024 3667 Decet
1049 3615 1109 3669 Aoo
1133 3617 1185 3670 Pro
1202 3610 1241 3686 ἢ

118 3695 223 3750 recrea
246 3689 328 3762 τιμή,
358 3689 395 3756 ὥς
425 3690 460 3748 ori
485 3689 574 3763 posce
599 3695 651 3749 τοῦ
686 3717 710 3752 r.
729 3692 776 3751 rin.
803 3700 866 3767 Arg.
893 3700 950 3752 Per.
964 3699 990 3752 3.
1017 3700 1084 3754 clar.
1102 3700 1128 3755 2.
1161 3703 1220 3771 big.

119 3776 191 3837 elom
207 3781 358 3847 nepotesue
375 3776 433 3846 ὧν,
450 3777 517 3834 citici
534 3782 582 3836 acri
599 3781 651 3835 τοῦ
685 3784 746 3839 aui
760 3805 785 3838 r.
802 3779 849 3838 einr.
867 3787 903 3854 (e.
914 3785 957 3838 23.
969 3802 994 3839 ιι.
1008 3785 1065 3855 12).
1084 3787 1219 3843 bechor:

119 3858 170 3935 εὖ,
199 3867 247 3920 sui
269 3865 306 3935 δή
336 3867 385 3922 sui
405 3868 456 3921 rori
480 3868 521 3930 sic
544 3864 597 3923 ciri.
616 3896 651 3910 -
685 3871 826 3939 „siquidem
854 3886 914 3924 usus
938 3886 1024 3924 rerum
1050 3887 1219 3941 congruarum

118 3954 170 4007 Pro
190 3952 253 4007 loos
269 3952 355 4018 (codd.
370 3954 443 4021 mati)
456 3955 540 4009 Noun.
555 3955 651 4008 Gesn-
685 3956 884 4024 abstinentiaque
908 3957 935 4009 in
960 3957 1010 4012 illis
1028 3961 1125 4012 tanturn
1142 3958 1219 4013 Rnti·
1312 4002 1322 4021 .

118 4041 208 4111 Stepb.
226 4040 354 4093 Reebonb.
372 4038 440 4093 tous
457 4039 599 4093 ediderunt.
685 4043 732 4094 bus
749 4045 868 4095 cernatur
882 4057 945 4111 quae
964 4057 977 4095 a
997 4048 1086 4098 natura
1105 4043 1218 4098 adesum

187 4125 228 4180 10.
247 4126 299 4193 τῆς
311 4125 352 4187 rte
367 4121 440 4181 dade
456 4127 549 4196 τιμῆς]
570 4127 651 4182 Artiu
685 4140 770 4181 renum
788 4131 931 4195 comparata
948 4132 1037 4181 sunt“
1065 4178 1070 4187 ,
