2708 4666
351 103 614 221 ευιιιιοιιιό
637 154 717 217 nno
739 136 1000 220 cnmsnmnrs.
1163 106 1226 222 neu
1248 187 1256 219 κ,

117 326 183 388 turi
209 328 317 404 erant,
346 326 401 387 vel
420 325 527 388 lovem
549 326 705 403 odissent,
735 328 789 403 qni
809 343 848 387 ex
870 328 959 389 Rbus
981 334 1081 391 matre
1102 333 1136 392 et
1159 331 1225 393 iilia

116 436 311 514 Proserpina
333 437 453 498 liberos
485 437 641 516 suscepit,
671 438 705 497 et
732 454 789 497 sua
813 453 924 499 sorore
937 428 1020 501 'usus
1044 444 1095 502 est
1115 458 1226 521 uxore,

118 547 174 609 vol
194 546 305 609 borum
325 549 520 615 inventorem
543 544 717 624 Orpheum,
741 549 775 607 nt
799 548 852 623 qni
876 547 980 609 lovem
996 549 1135 628 Thyeste
1152 553 1224 630 ipso

117 658 335 744 scelestiorem
359 660 393 717 et
414 656 701 718 contaminationem
719 655 867 733 iecisset3
891 660 1004 719 etenim
1022 659 1074 721 bic
1090 677 1132 721 ex
1148 678 1224 722 ors-

118 768 190 835 cnto
212 771 352 845 stuprum
369 767 475 827 intulit
492 766 594 847 filine,
610 784 701 842 quum
724 782 858 845 regnare
875 765 973 828 vellet
996 772 1029 829 et
1052 786 1087 830 se
1103 746 1224 831 ulcisci.

118 877 185 939 Nos
210 880 314 938 antem
342 880 460 938 tantum
483 876 630 936 absumus
653 894 672 936 s
694 877 880 954 promiscuis
906 880 1050 957 flagitiis,
1078 882 1113 940 ut
1132 879 1231 941 nobis

117 1004 158 1049 ns
174 988 339 1065 adspicere
356 987 479 1063 quidem
499 986 595 1046 liceat
612 987 652 1047 ad
667 987 954 1065 concupiscendum.
997 988 1075 1050 Nam
1089 987 1145 1072 qni
1163 985 1222 1051 ud·

118 1093 231 1181 spicit,
245 1097 344 1187 inquit
356 1097 517 1178 [dominus
531 1097 667 1172 noster],
682 1092 843 1159 mulierem
860 1099 896 1160 ut
913 1118 983 1160 ecus
1007 1097 1224 1183 concupiscet,

119 1205 185 1270 ιάιιι
208 1202 389 1269 moechatus
405 1202 500 1267 estin
521 1201 617 1267 corde
638 1224 709 1269 auo.
757 1207 873 1276 Quibus
905 1210 1001 1287 igitur
1015 1226 1147 1287 prorsus
1161 1226 1223 1271 non

119 1317 253 1380 ulterius
276 1319 422 1394 spectare
444 1316 521 1378 licet
543 1331 632 1392 quam
660 1333 699 1377 en
727 1333 856 1393 quorum
877 1321 981 1397 gratis
1005 1320 1083 1381 deus
1114 1321 1224 1403 oculos

118 1422 278 1506 formavit,
292 1437 403 1503 nempe
417 1428 451 1486 ut
466 1425 558 1486 nobis
576 1426 678 1485 lumen
695 1432 813 1508 essent,
830 1430 1013 1507 quibusque,
1029 1431 1069 1490 de
1082 1431 1152 1509 ipss
1166 1447 1223 1492 co-

119 1536 273 1617 pitatime
288 1538 319 1595 in
338 1536 481 1596 iudicium
496 1535 654 1610 vocandis,
678 1538 839 1598 iucundior
853 1540 1021 1617 adspectus
1037 1538 1223 1602 adulterium

118 1977 149 2032 ad
176 1990 318 2045 pronomen
351 1966 435 2037 circe
463 1980 596 2030 nctamrat
623 1975 654 2029 dc
690 1969 774 2040 erisne
787 1979 899 2048 ιῇθαγ.
913 1978 986 2033 κατὰ
998 1980 1122 2048 χρῆαμαα
1135 1975 1224 2049 spem.

120 2064 233 2131 Thyeste
257 2062 445 2129 Athenagoram
463 2063 503 2115 bic
520 2063 604 2131 loqui,
629 2063 655 2114 in
758 2066 782 2117 7.
799 2058 892 2130 Ἡμεῖς
909 2062 951 2130 di]
977 2064 1125 2133 Respondet
1146 2081 1224 2135 pras·

119 2149 203 2218 ipsum
221 2151 318 2200 testum
337 2147 458 2215 obrepsit.
490 2148 562 2200 Tales
581 2161 655 2200 erro·
690 2164 779 2216 presso
808 2147 884 2212 'ibris
907 2146 967 2218 pte.
1003 2149 1044 2206 Gi.
1063 2166 1087 2204 c.
1104 2151 1131 2206 7.
1152 2167 1179 2204 n·
1196 2152 1223 2208 8.

120 2248 163 2288 res
189 2234 287 2287 incuria
311 2232 470 2285 librariorum
490 2238 560 2285 natas
579 2248 655 2300 quum
690 2236 773 2289 litiani
790 2236 902 2288 lustinus
918 2234 993 2302 Apol.
1010 2235 1030 2287 l.
1049 2250 1072 2287 c.
1089 2235 1122 2289 15
1139 2250 1224 2289 curaer
1312 2246 1314 2251 ’

120 2318 179 2372 abbi
197 2320 282 2371 netad
300 2322 353 2369 tum
371 2333 393 2370 c.
409 2317 450 2369 14.
470 2333 496 2370 n.
512 2318 553 2370 1⁰.
578 2318 656 2370 Eam·
691 2320 885 2391 imperatoribus
929 2320 1023 2372 latetur
1066 2319 1224 2374 Christianos

121 2404 178 2458 dem
197 2419 271 2472 quarn
288 2401 404 2470 equidem
421 2404 542 2472 proposui
567 2402 656 2455 lectio·
690 2407 826 2473 praecipue
844 2404 869 2456 id
887 2419 963 2472 agere
987 2408 1015 2455 ut
1038 2409 1105 2481 caste
1128 2404 1224 2457 vivant.

120 2506 179 2544 nem
190 2490 310 2541 Marnnns
324 2489 513 2550 commendavit,
529 2489 578 2540 nisi
591 2487 657 2555 quod
691 2490 841 2545 Tertullus.
860 2489 935 2558 Apol.
955 2505 978 2542 c.
996 2488 1045 2543 46:
1066 2488 1225 2542 christianus

121 2572 229 2630 dotum
251 2587 297 2641 pro
320 2570 412 2626 θέλων
437 2574 546 2642 scripsit.
583 2574 657 2626 Prio-
692 2578 794 2643 „auimo
824 2574 946 2629 adsersus
976 2572 1103 2627 libidinem
1134 2588 1224 2627 caecus

120 2676 176 2715 rem
196 2662 295 2712 tantum
316 2660 442 2711 commatii
465 2664 564 2729 partem
582 2674 657 2712 sana·
690 2663 760 2715 est.“
793 2662 832 2715 ci.
850 2661 914 2714 inlus
931 2674 957 2712 n.
975 2659 1017 2712 11.

121 2749 159 2801 sit
176 2745 211 2800 G.
230 2744 354 2797 Canterius
372 2744 465 2809 (Nous.
483 2743 553 2798 lectt.
570 2746 613 2798 lib.
632 2744 657 2796 7.
758 2747 784 2800 8.
802 2742 838 2801 ‘O
909 2740 1011 2812 αὐτοῦ]
1029 2744 1119 2798 blattis.
1136 2743 1163 2809 5,
1180 2741 1225 2797 28.

121 2831 217 2898 ciffi:
235 2830 396 2899 βασιλεῦσαι
411 2825 517 2883 itiitere
530 2829 577 2884 sul
588 2829 657 2884 Θαέ·
691 2860 724 2872 -
742 2833 825 2884 Verbo
849 2832 1028 2900 papoixasass
1052 2828 1126 2883 Bodl.
1151 2829 1177 2883 1.
1196 2827 1224 2882 2.

121 2912 408 2985 metuerentque,
426 2914 530 2968 alterans
549 2917 656 2969 bechal·
690 2917 751 2969 Aet.
770 2911 861 2984 αιίτήι
877 2917 980 2970 addunt.
1009 2915 1049 2967 Er
1064 2912 1137 2967 codd.
1151 2913 1225 2967 mstis

121 3005 191 3058 rins:
280 2997 358 3069 ἐμίγη
382 2996 527 3069 βασιλεύς,
552 2998 657 3055 ἐθέλων
691 3015 737 3070 pro
756 2996 854 3066 αὑτοῦ,
875 3001 941 3071 quod
960 3000 1042 3052 estin
1061 2997 1150 3060 editis,
1167 2992 1221 3050 cai-

121 3086 172 3144 set
189 3084 384 3156 ἐκδικηθῆναι,
400 3116 434 3126 -
452 3088 486 3141 ita
504 3088 613 3155 quidem,
630 3092 658 3141 ut
690 3088 741 3142 eoi
762 3088 870 3140 restitui.

122 3175 164 3229 bic
197 3172 332 3241 (debebat,
359 3173 452 3241 quippe
480 3187 574 3226 comma
598 3178 658 3240 post
758 3174 782 3226 9.
800 3168 888 3240 μηδὲν
905 3166 937 3223 esi
955 3170 1051 3232 aiios]
1081 3166 1125 3221 Sic
1148 3164 1222 3219 codd.

123 3256 254 3332 βασιλιιὶι
276 3260 416 3326 collocans,
440 3258 553 3312 scribere
572 3249 656 3321 ositos
691 3260 750 3312 uasti
767 3262 793 3311 et
811 3257 880 3324 editi,
898 3255 1011 3325 exceptis
1028 3252 1093 3319 Arg.
1112 3249 1187 3303 Bodl.
1196 3250 1223 3304 1.

123 3341 300 3419 δβαιιιεύς)
326 3346 554 3414 interpretaretur:
579 3361 654 3411 „nam
691 3344 759 3398 clar.
785 3344 861 3408 deb,
887 3341 984 3394 Mareu.
1004 3343 1031 3392 et
1046 3335 1154 3391 Lindum
1180 3337 1224 3406 qui

121 3435 164 3490 hie
182 3432 333 3501 (Thyestes)
355 3429 455 3483 oraculo
474 3431 584 3482 monitus
600 3446 656 3483 cum
690 3429 716 3481 in
733 3425 821 3496 μηδὲν
837 3424 921 3480 seties
938 3428 1077 3478 runtamnt.
1116 3423 1223 3479 Articu-

122 3519 174 3575 atie
192 3533 247 3571 rem
265 3516 367 3581 babuit,
391 3529 497 3583 cumque
519 3531 565 3568 rer
589 3520 657 3568 esset
690 3513 730 3566 lus
755 3528 829 3578 vero,
860 3515 932 3565 cuins
948 3513 975 3565 in
993 3511 1075 3563 locum
1092 3509 1224 3566 Gesnerus

122 3601 287 3660 stutlrutris
298 3601 389 3652 isctnur
401 3598 656 3666 ulcisceretur“(tl);
691 3617 719 3650 re
741 3597 858 3650 substitui
881 3597 973 3663 voluit,
999 3599 1069 3649 recte
1084 3610 1114 3648 se
1130 3594 1224 3648 babet:

121 3684 344 3744 deseramne
367 3683 528 3752 βασιλεῦσαι
553 3679 658 3737 ἐθέλων
692 3697 748 3735 naun
782 3683 891 3752 scriptur
918 3681 948 3734 ad
981 3685 1076 3735 eertum
1107 3679 1224 3750 quiddam

122 3773 155 3827 sd
181 3773 268 3825 lovem
300 3768 425 3822 referret:
458 3768 561 3835 „lovem
586 3770 659 3836 regni
693 3769 801 3821 animum
827 3767 949 3833 aduertit,
975 3764 1042 3835 quod
1066 3766 1140 3819 liceat
1164 3782 1225 3837 sps-

123 3855 256 3913 obtinendi
283 3868 358 3906 causa
385 3869 440 3906 eum
466 3851 518 3904 lilia
539 3868 593 3906 rem
614 3855 659 3907 ba·
694 3857 771 3906 ctare.
797 3853 863 3906 lub.
876 3865 925 3904 non
939 3847 1056 3906 ἔπλασεν
1067 3850 1112 3906 sed
1126 3848 1226 3906 istest

124 3943 221 4004 buisse,
243 3939 378 4006 Thyestem
397 3943 479 3991 anum
498 3944 580 3993 seruet
597 3940 660 3993 uici·
695 3938 731 4005 (c.
750 3938 773 3990 1.
792 3953 817 3990 n.
835 3937 875 4004 2).

123 4026 250 4084 seesffl‘:
286 4025 343 4078 cni.
359 4025 561 4094 interpretationi
587 4025 661 4094 plane
764 4022 806 4077 10.
827 4023 884 4077 soie
903 4018 1073 4092 ὀφθαλμῶν]
1100 4021 1159 4075 ses
1177 4019 1233 4073 susi

124 4115 232 4171 uuas
254 4123 320 4182 quas
345 4109 515 4180 praecedunt:
540 4107 586 4164 sei
609 4105 663 4179 γὰρ
697 4101 859 4180 ὀφθαλμοῦ.
