2708 4666
340 159 395 223 ub
407 158 738 223 RESURRECTIONE
760 159 1017 223 monitionum.
1164 159 1226 226 281

119 336 376 413 comparataest
397 337 432 395 ut
453 334 503 395 bis
518 337 573 395 aut
593 335 658 394 illis
679 335 725 394 uti
740 334 851 411 possit,
873 351 911 394 ao
929 337 1101 426 propterea
1124 335 1227 396 neuti-

119 464 211 523 quam
233 445 364 523 propria
387 461 468 521 quae
485 446 598 506 dieitur
620 446 754 524 partium
777 444 894 505 iunctio
918 445 947 503 in
969 446 1069 505 anima
1086 446 1132 505 sio
1149 462 1228 506 eon·
1250 447 1254 454 '

118 558 230 616 stitnta
264 555 459 633 deprehendi
481 557 614 632 potest?

205 644 255 726 23.
278 667 381 742 Atque
403 665 547 744 protecto
570 665 650 725 illud
667 666 798 724 omnium
821 665 953 725 maximo
967 682 986 724 a
1002 666 1123 725 ratione
1146 665 1228 727 alio·
1344 683 1347 692 “

118 793 190 837 num
212 780 280 852 est,
305 777 442 835 sancitas
459 776 583 851 quidem
605 775 695 852 leges
719 775 864 835 eont'erre
886 776 916 834 in
939 776 1091 861 homines,
1114 775 1228 835 obser·

120 891 217 947 eatae
252 888 354 946 autem
383 888 439 945 aut
467 885 607 945 violatae
632 886 711 963 tegis
736 887 908 945 mercedem
931 887 962 945 in
990 886 1076 945 solas
1101 888 1229 945 vertere

119 997 249 1089 animas.
293 994 370 1054 Nam
392 997 421 1055 si
449 995 502 1070 qui
528 996 617 1072 leges
643 993 765 1073 recepit
787 998 816 1055 is
839 997 931 1056 etiam
957 998 1067 1055 merito
1090 994 1229 1054 violatae

119 1108 204 1184 legis
227 1123 359 1185 poenam
381 1106 531 1183 recipiat,
552 1105 641 1182 leges
661 1108 763 1165 autem
781 1107 901 1183 recepit
919 1107 1026 1184 bomo,
1050 1122 1112 1164 uon
1127 1105 1229 1165 anima
1340 1148 1346 1169 .

120 1217 210 1290 sola,
240 1216 394 1276 bominem
422 1218 523 1298 etiam·
537 1217 665 1292 oportet
686 1219 884 1293 peecatorum
908 1233 1040 1294 poenam
1064 1216 1229 1292 sustinere,

119 1342 183 1386 nou
205 1327 335 1386 animam
357 1326 474 1400 solam;
501 1325 654 1401 siquidem
687 1335 748 1384 non
770 1327 931 1387 animabus
960 1327 1124 1403 praecepit
1151 1328 1229 1406 deus

121 1441 156 1496 ut
181 1437 360 1497 abstineant
382 1436 479 1496 rebus
502 1435 543 1495 ad
566 1451 621 1495 eas
643 1433 722 1494 nibil
747 1436 969 1516 attinentibus,
991 1437 1078 1497 velut
1103 1438 1230 1498 adulte-

120 1547 171 1607 rio
186 1547 284 1607 eaode
300 1546 385 1606 torto
407 1546 516 1623 rapina
541 1545 705 1624 ignominia
725 1545 757 1604 in
779 1549 949 1625 parentes,
972 1551 1005 1606 et
1027 1549 1108 1607 omni
1130 1565 1229 1629 gene-
1254 1539 1265 1565 ‘

120 1657 214 1716 ratim
239 1657 410 1733 eupiditate
434 1672 514 1732 quae
539 1657 681 1716 iniuriam
712 1657 745 1715 et
774 1654 914 1715 damnum
944 1658 1087 1733 proximo
1118 1658 1227 1718 insert.

121 1765 233 1842 Neque
250 1769 329 1826 onim
343 1767 421 1826 illud
432 1763 563 1827 Honora
574 1766 700 1850 putrem
714 1765 804 1827 tuum
819 1766 850 1828 et
865 1767 999 1828 matrem
1012 1766 1228 1828 tuumanima-

123 1877 182 1936 bus
199 1879 316 1936 tantum
340 1877 503 1953 convenit,
525 1894 616 1952 quum
633 1876 673 1936 iis
690 1877 841 1937 eiusmodi
861 1878 982 1937 nomina
1003 1895 1063 1938 nou
1078 1881 1228 1939 eonveni-

123 1991 195 2047 aot:
218 2003 279 2046 non
302 1986 381 2046 euim
399 1987 518 2046 animae
533 1987 573 2047 ab
589 1988 749 2047 animabus
762 1988 930 2065 gignuntur
948 1990 982 2047 ut
997 1988 1097 2065 patris
1113 1994 1145 2049 et
1161 2006 1228 2048 ma-

122 2099 183 2158 tris
200 2098 444 2175 appellationem
461 2097 522 2156 sibi
538 2097 724 2174 adsoisoant,
745 2099 802 2157 sed
817 2097 958 2158 homiues
975 2098 1015 2156 ab
1031 2098 1227 2178 bominibus3

122 2224 226 2284 neque
253 2208 349 2284 igitur
379 2207 457 2266 illud
485 2202 560 2269 Non
580 2203 797 2270 moechaberis
820 2208 859 2267 de
892 2208 1051 2268 animabus
1081 2209 1229 2271 decenter

126 2318 249 2378 dicatur
276 2321 329 2376 aut
360 2317 533 2397 cogitetur,
565 2333 657 2394 quum
688 2317 771 2377 inter
801 2334 856 2377 eas
884 2334 945 2378 non
974 2319 1016 2380 sit
1046 2321 1174 2381 maseuli
1196 2325 1228 2381 et

124 2590 339 2664 μοιχεύσῃς,
381 2594 430 2663 μή
468 2591 661 2666 φονεύσῃς,
696 2597 783 2662 abeat,
819 2596 864 2650 sed
898 2600 968 2649 reete
1000 2595 1083 2649 Vetto:
1119 2602 1230 2651 matrem

125 2678 172 2749 μή
190 2679 340 2750 κλέψῃς,
365 2679 404 2748 μή
422 2679 659 2750 ψιεσομαοιοοὴ-
697 2685 798 2734 tuom.

125 2782 189 2836 σῃς,
224 2767 291 2832 τίμα
319 2763 369 2819 τοι
403 2764 512 2833 πατέρα
535 2784 586 2821 ooo
612 2766 661 2822 ιια1
749 2767 1231 2837 6.ο1ιιειοῦιιιαι]01σι.2οἰιιοιοῦι-

125 2849 179 2921 ιὴο
197 2851 303 2920 μητέρα
321 2870 373 2906 ooo
389 2858 462 2906 -et
479 2854 571 2907 Paulus
586 2856 661 2908 Rom.
696 2873 758 2920 ται,
777 2856 836 2908 Aet.
855 2856 1009 2909 οἰκοῦνται.
1034 2855 1096 2907 cum
1115 2849 1231 2921 isupe-

126 2937 169 3006 13,
188 2939 220 2991 9:
240 2933 274 2994 oni
290 2934 462 3006 μοιχεύσεις,
481 2933 515 2993 σι’
532 2957 608 3006 φοι..
626 2937 661 2994 ον’
696 2958 746 2993 ποι
777 2939 910 2993 subaudias
943 2941 1100 3008 γεννῶντες.
1138 2941 1230 3006 „Dono

125 3022 221 3090 utto..
247 3020 297 3078 unis
321 3022 505 3093 ἐπιθυμήσεις
529 3032 577 3079 ete.
604 3041 661 3078 ser·
696 3027 766 3078 nieht
791 3024 1232 3093 8οι1ιιι-ιοιιςειισσδιιΙοοιίς-

126 3115 225 3164 varuot.
243 3140 277 3149 -
304 3112 387 3164 Antea
405 3111 464 3166 Ρσι.
484 3111 501 3164 3
519 3116 544 3164 σ1
562 3110 662 3164 ciant
697 3127 746 3164 nen
765 3112 818 3163 sicb
838 3111 924 3163 εοΙιΙιι
939 3111 1034 3163 Nemeo
1054 3125 1103 3175 su,
1119 3109 1231 3165 eundern

125 3191 286 3250 ieiunam
308 3191 326 3249 d
350 3192 427 3257 bede.
462 3196 522 3250 Aet.
541 3211 588 3264 pro
609 3190 660 3251 αὖ·
696 3196 835 3250 Meoseben
854 3226 867 3236 -
883 3194 1012 3262 zengeode
1063 3195 1231 3249 dienscben.“

126 3285 189 3343 ταῖς
203 3278 518 3350 ιιςοσηιι.1ε1)εῑαιιίαῖς
533 3279 661 3345 totuin
695 3282 777 3336 Romo
804 3296 894 3351 nempe
920 3284 1019 3334 constet
1042 3296 1073 3334 es
1092 3282 1172 3334 anima
1197 3288 1232 3337 et

125 3383 242 3434 sponna.
278 3368 353 3422 Vides
375 3365 404 3421 to
420 3371 481 3429 ταῖς
499 3371 585 3421 natum
603 3384 660 3422 esse
696 3383 803 3439 corpore
822 3368 858 3434 (ι.
874 3367 917 3420 21.
936 3383 961 3419 n.
982 3367 1039 3434 15).

126 3468 160 3506 ex
192 3469 341 3523 praegresso
369 3450 483 3517 αοίαῖς,
516 3454 546 3505 ci.
575 3470 596 3506 c.
618 3454 660 3508 15.
762 3452 787 3505 7.
812 3448 854 3507 oi
878 3449 1044 3521 μοιχεύσεις]
1073 3450 1154 3506 Exod.
1187 3453 1232 3521 20,

124 3555 150 3592 o.
172 3539 198 3593 1.
242 3540 333 3592 Vocem
368 3536 521 3608 ἐπιθομίας
547 3540 572 3591 in
609 3537 660 3592 tine
695 3539 783 3592 13.-
801 3539 864 3592 illud
881 3534 923 3592 Οὐ
939 3534 1096 3606 μοιχεύσεις
1110 3553 1158 3607 ope
1173 3540 1231 3593 Par.

125 3626 308 3678 enuntiationis
326 3626 385 3678 Aet.
406 3639 457 3679 non
476 3625 598 3692 agnoseit.
695 3625 711 3677 1
730 3629 756 3677 et
767 3625 831 3692 Δις.
849 3623 949 3678 retinui.
968 3623 1134 3678 Desideratus
1151 3622 1186 3678 οεί
1204 3627 1230 3679 1ο

697 3710 872 3764 senciens
891 3710 963 3763 codd.
988 3713 1045 3764 msti
1064 3707 1099 3764 ου’
1116 3710 1231 3778 μοιχεύ-

193 3796 220 3849 b.
247 3796 322 3863 Τίμα
399 3815 462 3865 μητ.
484 3795 547 3865 σοι]
579 3794 662 3849 Esod.
698 3812 761 3866 σῃς,
786 3812 849 3864 quae
865 3798 990 3866 scripturn
1016 3799 1090 3850 etiam
1107 3798 1133 3850 in
1152 3798 1234 3850 omoi-

125 3879 520 3948 20‚12‹uue.1s‚20).-
558 3882 617 3935 Aet.
638 3886 663 3935 et
697 3883 744 3934 bus
762 3881 836 3935 editis
854 3887 991 3951 comparet.
1027 3874 1234 3936 1οιοιιιοι’ἃι

124 3966 208 4019 Runa.
232 3963 273 4020 sd
297 3972 355 4020 aute
381 3970 456 4037 Τίμα
480 3972 507 4021 et
524 3984 588 4021 σου
607 3973 664 4036 post
698 3961 717 4036 ἢ
742 3968 860 4036 νοηθείη
886 3969 1169 4038 apuleiensium.
1190 3984 1233 4021 er-

125 4049 232 4120 μηεέοα
259 4055 503 4123 praetermiserunt3
526 4070 578 4107 σοει
607 4057 665 4122 post
699 4067 758 4107 rore
789 4054 954 4124 exciderunt;
986 4056 1047 4109 item
1072 4068 1130 4108 mox
1159 4050 1231 4107 ιιαιοὶ

125 4137 232 4208 μητέρα
269 4138 295 4192 in
327 4140 433 4210 reliquis
460 4154 559 4209 quoque
592 4138 663 4193 editt
699 4142 758 4193 suto
776 4136 808 4194 ad
827 4135 920 4208 ἄρσει.
