2708 4666
323 159 379 222 nn
397 158 732 224 nnsnnnncnuonn
746 157 1002 223 uonnuonun.
1158 155 1220 221 sss

117 335 204 396 serie
216 334 430 413 generantnrt
452 332 570 402 Quodsi
593 332 625 392 id
641 332 838 409 perspicuum
857 333 908 391 est
921 297 960 390 'et
982 330 1106 391 omnino
1123 347 1223 410 opor·

116 448 165 505 tet
193 448 228 505 nt
248 446 425 522 potentias,
448 459 529 519 qnae
547 438 660 503 natura*
687 444 742 502 aut
763 445 833 501 arte
854 441 1068 520 eontinentur,
1097 458 1224 506 emm·

117 571 179 631 qne
198 570 298 632 opera
317 557 544 615 consentaneus
559 556 690 611 naturae
710 552 779 611 bnis
801 554 961 630 sequatur,
984 567 1113 612 neeesse
1128 569 1224 629 prur-

116 681 172 725 sns
195 666 295 725 estut
316 664 472 724 hominnm
493 664 579 739 finis,
603 665 637 724 nt
657 662 826 739 singularis
848 666 979 721 naturae
1002 663 1088 739 finis,
1116 679 1226 723 saeer-

117 778 253 837 natura
278 778 475 835 caeterorum
503 773 737 833 communitate:
769 773 921 848 siquidem
952 774 1075 832 minime
1097 771 1147 832 ias
1175 778 1225 834 est

118 884 261 945 eumdem
280 888 420 945 statuere
443 883 534 942 tinem
550 899 656 943 eorum
678 898 757 958 quae
772 882 938 942 rationalis
956 883 1059 942 iudicii
1082 882 1226 959 expertia

119 999 194 1056 eunt
216 997 249 1054 et
265 1011 372 1056 eorum
397 1010 477 1069 quae
491 993 658 1053 seeundum
672 989 796 1052 insitam
810 992 912 1069 legem
925 996 958 1052 et
977 994 1128 1052 rationem
1145 997 1228 1069 ope-³

119 1109 248 1182 rantur,
278 1103 308 1163 b.
330 1122 358 1163 ο.
388 1104 536 1182 prudenti
565 1104 630 1162 vita
659 1104 692 1162 et
712 1102 830 1161 iustitia
853 1092 990 1163 utuntur.
1033 1102 1101 1162 Non
1128 1103 1226 1180 igitur

119 1215 294 1275 indolentia
322 1215 471 1291 proprius
499 1214 561 1272 erit
589 1213 628 1271 iis
650 1212 737 1290 linis,
766 1213 935 1272 eommunis
968 1212 1048 1271 enirn
1075 1216 1163 1272 esset
1187 1213 1226 1273 iis

120 1323 216 1385 etiam
234 1340 314 1401 qnae
340 1339 452 1383 sensns
466 1322 612 1400 expertia
634 1325 721 1382 sunt:
745 1322 803 1381 sed
816 1339 918 1398 neque
934 1339 1040 1382 eornm
1057 1338 1136 1398 qnae
1152 1339 1226 1382 eor·
1325 1320 1331 1329 '

122 1453 183 1514 pus
204 1435 291 1495 alunt
314 1438 368 1494 aut
398 1434 558 1493 oblectant
580 1431 747 1510 perfruitio
771 1434 804 1490 et
828 1432 919 1509 eopia
937 1433 1150 1509 voluptatum
1173 1438 1228 1494 ant

122 1560 254 1606 necem
283 1546 335 1603 est
367 1544 535 1603 belluinam
568 1543 664 1601 vitam
688 1543 805 1618 primas
835 1542 996 1619 obtinere,
1028 1559 1096 1603 eam
1123 1548 1227 1605 numm

122 1671 205 1734 qnae
230 1655 270 1714 ad
298 1656 445 1714 virtutem
466 1652 612 1729 dirigitur
631 1652 749 1713 nullum
774 1651 925 1712 adfinem
948 1653 1051 1731 dirigi.
1095 1653 1228 1716 Bellun-

122 1782 192 1826 rnm
220 1766 298 1824 enim
328 1763 467 1823 arbitror
489 1765 522 1823 et
553 1763 705 1839 peendum
734 1777 804 1820 esse
835 1763 996 1838 proprium
1025 1763 1106 1825 buno
1128 1765 1228 1841 linem,

122 1891 185 1936 non
208 1874 363 1934 bominum
386 1873 553 1933 immortali
579 1873 680 1932 anima
702 1876 735 1930 et
764 1872 912 1933 rationali
931 1874 1044 1935 iudicio
1067 1875 1228 1936 utentium.

212 1987 264 2046 25.
288 1984 396 2059 Neque
414 1982 558 2060 prolecto
576 1983 738 2043 beatitudo
756 1984 876 2042 animae
899 2000 917 2043 a
940 2001 1074 2061 corpore
1096 2004 1229 2064 sepera-

124 2099 195 2169 tae;
227 2096 347 2155 minime
370 2095 450 2153 enim
474 2092 658 2152 alterutrius
681 2109 787 2153 eornm
807 2109 847 2152 ex
868 2093 979 2168 quibus
999 2099 1123 2156 onustat
1137 2097 1229 2159 bomo

124 2206 222 2266 vitam
252 2205 486 2266 consideramus
521 2206 575 2263 ant
607 2202 713 2279 linem,
748 2203 804 2261 sod
834 2203 919 2263 illius
948 2205 1001 2280 qui
1027 2223 1067 2266 eu
1096 2211 1229 2285 utroque

125 2320 266 2378 namtat:
289 2316 363 2376 talis
394 2315 473 2374 enim
502 2317 551 2373 est
584 2314 724 2389 quisquis
752 2313 869 2373 hanone
902 2316 997 2375 vitam
1021 2318 1150 2377 sortitus
1180 2323 1230 2379 est

126 2426 236 2504 bomo,
264 2428 298 2485 et
324 2424 409 2484 illins
431 2424 516 2482 vitae
536 2423 697 2500 proprium
720 2423 855 2499 aliquem
877 2441 949 2484 esse
973 2426 1063 2486 finem
1092 2431 1230 2505 oportet.

127 2535 246 2605 Quodsi
268 2536 434 2610 utriusque
457 2533 526 2592 linis
551 2538 620 2609 est,
642 2532 731 2608 isque
757 2551 815 2594 neu
838 2533 903 2593 illis
925 2535 1027 2596 adhue
1044 2536 1231 2615 degentibus

127 2647 158 2706 in
184 2646 281 2706 banne
304 2646 369 2705 vita
394 2639 530 2721 reperiri
563 2646 674 2737 potest
694 2647 826 2723 propter
846 2660 957 2705 oansas
987 2663 1084 2725 saepe
1103 2648 1231 2730 allatas,

127 2772 186 2815 nen
208 2756 239 2814 in
257 2754 392 2815 animan
411 2770 545 2831 corpore
563 2758 728 2830 separata,
751 2770 789 2813 eo
812 2756 895 2830 quod
912 2756 986 2816 talis
1002 2757 1093 2818 borno
1111 2760 1232 2820 minime

127 3022 298 3091 ταριὸτητο,
322 3016 360 3085 οἷς
377 3022 446 3091 parui
465 3023 550 3094 τοῦτο
570 3017 664 3075 οὐκέτι
698 3039 732 3088 τη
757 3019 882 3082 πάντως,
911 3023 938 3075 εἰ
960 3020 1054 3089 μέλλοι
1079 3018 1232 3094 ἄνθρωπος

129 3106 221 3165 ὄντων
238 3103 325 3176 ἡμῶν.
698 3107 784 3159 τινῶν
801 3107 858 3158 τῶν
872 3104 945 3159 anani
963 3104 1012 3161 τὸν
1024 3106 1152 3173 πορόντα
1164 3115 1233 3181 βίον

199 3197 241 3250 13.
259 3193 424 3263 πρωτεύειν]
444 3197 503 3249 Aet
518 3193 663 3262 πρωτεύει.
698 3186 776 3259 αύτῷ
803 3192 1092 3261 Μοᾱλμαῑενμὲνον
1124 3198 1233 3266 [Paul

128 3282 190 3336 Mox
209 3281 277 3336 ctat,
295 3281 313 3335 2
333 3277 358 3334 δ’
377 3278 458 3336 qipa..
697 3274 907 3345 πεπραγμένων]
924 3276 1109 3345 inueniuntur,
1127 3281 1233 3338 τέλειον

199 3366 240 3420 14.
260 3364 348 3431 τέλος]
385 3368 454 3422 Glrr.
478 3367 496 3420 2
521 3360 553 3419 τό
576 3363 662 3427 τέλος.
698 3356 808 3415 τούτων
832 3358 888 3416 ἀλλ’
907 3361 959 3418 nna
976 3362 1005 3431 ἐξ
1023 3360 1151 3434 ἡμισείας
1168 3386 1232 3437 τογ-

127 3454 182 3507 l’ro
200 3449 337 3526 ἀθανάτῳ
365 3456 424 3508 Aet.
442 3458 469 3506 et
486 3453 568 3506 Nann.
589 3448 664 3503 nieo-
698 3443 800 3513 κείνοιο.

127 3536 232 3593 aaron.
766 3548 791 3601 2.
816 3546 866 3601 τὸν
889 3550 954 3619 ptos
981 3548 1082 3619 λαχοὶτ]
1119 3556 1179 3610 ner.
1207 3562 1234 3611 el

201 3624 225 3676 1.
246 3620 458 3691 κεχωρισμένος]
485 3622 553 3674 Chr·
576 3622 594 3675 2
617 3640 663 3676 tt·
699 3631 760 3686 editi
778 3632 867 3701 λαχὸο
886 3632 936 3688 adv
954 3636 1026 3705 βίον.

129 3707 665 3808 10⁰¹0t‘l’1‘⁵⁰h⁰¹f⁰¹i¹¹¹¹¹²⁸¹⁸⁰
766 3753 792 3807 ο.
817 3753 856 3806 m
886 3750 929 3818 ei]
965 3756 1024 3809 ser.
1052 3753 1129 3814 otei.
1172 3763 1233 3817 nux

130 3794 191 3847 Ρη
218 3793 279 3845 1²⁸
302 3791 335 3845 ²²
370 3791 409 3846 El
432 3811 485 3860 γαρ
514 3795 666 3859 “mmm
699 3834 781 3889 idem:
814 3834 846 3892 τό
871 3838 949 3903 τέλος
972 3842 1078 3897 τοῦτο
1105 3842 1141 3900 δὲ
1165 3847 1233 3902 τοῦ

130 3876 221 3934 lueiro
246 3873 279 3931 τὸ
305 3873 335 3930 la
359 3878 469 3946 λογικῆς
496 3880 589 3947 'lviiii
617 3879 666 3933 καὶ
700 3923 995 3994 συναμφοτέρου
1022 3927 1123 3993 τέλος
1147 3931 1231 3985 τοῦτο

132 3962 264 4032 adpotus
288 3962 467 4061 ovparlpruna
490 3966 580 4031 ζῶον,
602 3960 664 4032 ου’χλ
698 4004 730 4061 δὲ
751 4012 800 4061 otc.

132 4046 165 4104 db
178 4046 255 4118 ψυχή
270 4067 343 4118 poan
363 4049 433 4118 [Per.
451 4049 469 4102 2
485 4048 597 4117 poenal,
622 4043 663 4112 ὥς

131 4130 202 4191 aridi
222 4135 302 4202 οὸμα
318 4136 411 4206 ψυχῆς
427 4135 555 4204 moriae,
573 4130 661 4205 ἀτάρ·
764 4138 791 4192 l.
809 4133 931 4205 trinus]
952 4141 1018 4196 Clnr.
1036 4141 1054 4196 2
1076 4139 1130 4208 teir
1147 4143 1213 4198 teir.
