2708 4666
276 182 332 249 DE
352 184 683 287 RESURRECTIONE
704 188 957 252 EORTUORUE.
1030 234 1034 244 ·
1091 185 1154 254 233

58 360 201 439 epiennm
215 358 271 420 tint
292 359 325 420 id
339 359 423 435 quod
446 359 662 437 proponimus)
683 359 760 421 iuuit
783 360 906 438 quidem
926 360 1019 423 homo
1035 363 1156 425 domum

58 470 101 531 ud
124 467 284 548 proprium
297 486 404 547 nsum,
425 468 502 530 lueit
515 473 618 531 antem
635 469 736 530 bobus
758 472 792 530 et
813 471 941 532 eumelio
962 474 1157 550 eaeterisque

59 580 262 657 animalibus,
292 580 404 656 quibus
427 596 507 657 opus
538 580 649 657 habet,
678 581 865 641 conveniens
893 583 1004 659 ouique
1032 587 1158 661 toetum,

58 707 123 750 uon
152 676 194 751 nil
220 690 380 771 proprium
412 707 521 766 usum,
558 691 585 750 si
611 689 735 768 speeies
758 691 952 769 attendetur,
980 693 1028 752 ein
1056 697 1159 755 nutem

53 800 148 881 finio,
172 799 212 860 ob
232 799 312 860 huno
334 817 475 877 coneum,
498 802 556 861 sed
572 801 713 878 proximo
738 801 777 861 ob
795 816 900 861 eorum
927 802 1061 863 etodium
1078 819 1158 880 quo-

59 925 128 969 rum
150 910 226 970 euri
248 911 404 988 tungitnr3
426 915 574 989 prooreut
597 927 673 971 vero
696 911 788 970 etiam
811 910 931 972 liberos
954 928 1015 972 non
1036 914 1076 973 ud
1101 931 1157 975 so-

59 1037 109 1078 um
130 1022 185 1080 ont
211 1036 336 1080 suorum
359 1038 463 1096 usum,
499 1020 556 1081 neti
578 1028 613 1081 ut
642 1021 705 1080 eint
729 1024 763 1081 et
785 1021 928 1096 quamdiu
949 1023 1018 1082 fieri
1040 1024 1158 1101 poterit

58 1133 268 1206 perseverent
295 1130 434 1191 homines
465 1148 505 1190 ex
528 1132 598 1208 ipso
629 1131 743 1208 geniti,
776 1131 944 1192 liberorum
966 1137 998 1192 et
1011 1137 1156 1211 nepotum

59 1241 267 1300 euooeesiono
279 1241 423 1301 solatium
451 1241 560 1300 mortis
582 1257 658 1300 eune
687 1239 840 1300 adhibens
866 1245 960 1317 utque
983 1242 1044 1304 hoo
1066 1245 1158 1305 modo

57 1351 92 1410 id
115 1352 198 1427 quod
218 1352 350 1411 mortale
370 1354 419 1411 est
434 1350 607 1410 immortale
623 1349 802 1411 effecturum
819 1367 854 1410 se
870 1367 1011 1428 sperono.
1054 1351 1159 1429 Atque

59 1460 140 1521 liaeo
157 1461 279 1537 quidem
296 1461 335 1520 ub
350 1460 524 1521 hominibus
542 1456 656 1541 [fiunt].
699 1458 783 1519 Dens
797 1459 942 1536 proieeto
964 1477 1022 1522 nee
1040 1456 1158 1524 lrnetru

60 1567 137 1632 iecit
160 1571 330 1632 hominem:
368 1574 418 1630 est
459 1571 540 1631 eninr
575 1571 718 1647 sepiens,
751 1570 868 1630 nullum
901 1574 1003 1630 antem
1030 1573 1158 1649 eapien-

59 1683 123 1742 tioe
145 1698 225 1760 opus
243 1682 366 1742 inutile:
396 1697 454 1739 neo
469 1680 510 1739 ud
531 1680 692 1757 proprium
717 1696 823 1757 usum3
844 1681 930 1740 nullo
952 1681 1032 1740 enim
1049 1699 1084 1740 re
1106 1683 1156 1741 in·

58 1793 157 1870 uiget.
202 1792 259 1862 Qui
275 1794 377 1851 autom
398 1790 485 1851 nulla
500 1790 621 1850 omuino
644 1805 680 1848 re
700 1789 819 1867 indiget
838 1791 867 1849 ei
885 1808 941 1850 suu
965 1806 1062 1868 opere
1080 1792 1157 1852 nihil

58 1903 223 1963 attulerint
246 1903 287 1961 ad
307 1902 468 1980 proprium
494 1916 591 1961 neum.
635 1899 697 1959 Sed
712 1917 771 1959 noo
796 1900 836 1960 ob
858 1899 993 1976 aliquem
1019 1914 1159 1963 rerumu'

60 2028 94 2071 ee
124 2015 300 2072 ornatorum
327 2012 465 2073 oondidit
488 2010 651 2070 hominem.
696 2008 780 2069 Nihil
809 2010 889 2068 enim
919 2025 960 2101 en
990 2010 1047 2086 iis,
1076 2029 1157 2087 quoe

59 2124 184 2183 ratione
207 2128 239 2183 ot
259 2122 372 2182 indicio
402 2123 545 2198 utuntur,
579 2120 620 2179 ud
643 2119 774 2179 alterius
803 2118 871 2178 sive
894 2120 1067 2197 superioris
1088 2121 1157 2182 sive
1283 2187 1286 2201 ,

59 2230 219 2293 inferioris
242 2249 331 2292 nsum
353 2233 493 2292 ereetum
516 2232 565 2289 est
594 2227 648 2288 out
667 2231 809 2305 creatur,
844 2230 902 2289 sed
925 2230 965 2288 ud
985 2232 1157 2309 'proprium

59 2359 167 2403 eornm
189 2342 242 2418 qui
266 2347 411 2402 oreontnr
427 2342 521 2401 vitam
537 2342 569 2399 et
588 2335 839 2417 perpetuitatem.
882 2337 989 2416 Neque
1008 2342 1087 2400 enim
1103 2360 1158 2402 ra·

58 2454 103 2514 tio
134 2450 255 2513 invenit
280 2469 367 2512 nsum
397 2451 493 2511 ullum
525 2449 578 2525 qui
608 2465 701 2509 oense
723 2449 766 2508 eit
796 2448 950 2509 hominnm
979 2452 1157 2530 ornationis,

59 2564 176 2642 qnippe
192 2579 283 2639 quum
302 2559 492 2622 immortales
516 2562 606 2619 extro
620 2559 820 2636 indigentium
843 2575 960 2618 omnem
977 2562 1073 2638 positi
1095 2563 1159 2624 sint
1181 2623 1182 2626 ,

59 2691 116 2735 neo
140 2674 206 2734 ullo
230 2676 342 2753 egeant
362 2672 517 2731 homiuum
542 2669 682 2730 subsidio
704 2672 739 2730 ut
760 2669 929 2747 exsistant,
950 2670 1078 2734 bellnoe
1098 2691 1157 2734 au·
1259 2700 1260 2704 ¹

58 2788 120 2845 tem
145 2777 257 2844 nutnrri
276 2782 435 2844 subieetoe
456 2780 517 2840 sint
538 2784 572 2840 et
592 2796 667 2841 usus
685 2779 726 2840 od
745 2796 824 2856 qnos
840 2796 982 2858 quaeque
997 2782 1158 2846 institutae

127 3129 170 3182 15.
187 3125 386 3196 γεννωμένους]
420 3127 487 3180 clar.
506 3127 521 3179 1
546 3143 588 3193 γν·
624 3123 646 3185 2,
660 3121 760 3176 adnitor
777 3115 813 3177 ἄν
831 3121 968 3192 porticulo,
986 3137 1049 3191 queo
1069 3125 1095 3176 in
1113 3138 1156 3178 ro-

58 3211 204 3284 νομὲνονς.
240 3214 278 3266 Gi.
297 3230 319 3266 e.
333 3213 375 3268 15.
395 3230 420 3267 n.
438 3214 464 3265 7.
623 3208 699 3277 liquis
723 3207 795 3261 codd.
822 3209 893 3262 mstis
918 3203 945 3260 e't
971 3207 1046 3262 editio
1074 3211 1156 3279 paullo

127 3299 170 3355 16.
195 3294 327 3368 ἐγγόνων]
351 3299 395 3352 Sic
419 3297 492 3351 codol.
516 3297 591 3363 metl3
624 3299 683 3364 poet
699 3294 802 3361 legiler.
885 3323 891 3336 ·
1200 3356 1206 3373 ι

58 3387 103 3440 red
122 3387 188 3440 Duo.
203 3387 269 3438 lior.
288 3385 353 3438 llur.
371 3385 445 3436 tuelle
464 3385 592 3435 mutarunt
693 3379 735 3433 19.
761 3374 838 3444 oniti]
870 3380 930 3435 Aet.
962 3375 1054 3434 unitio.
1095 3381 1156 3436 Mox

58 3476 84 3528 iu
102 3468 232 3541 ἐκγόνων.
260 3471 388 3536 (Gellautl.
407 3465 526 3538 ἐγγόνων
548 3482 591 3522 re·
625 3464 691 3519 ilem
716 3461 758 3520 ἐπ’
780 3481 826 3536 pro
849 3459 905 3521 ὑπ’.
940 3466 1022 3520 Porro
1050 3481 1096 3536 pro
1112 3485 1156 3536 ye-

59 3561 165 3631 posuit.)
186 3558 225 3611 cl.
245 3557 334 3625 Suppl.
354 3554 539 3610 o.23.o.13.
626 3549 752 3619 νομένων
789 3549 874 3621 ἔργων
906 3553 982 3606 hebet
1008 3549 1156 3622 γενόμννον

126 3645 168 3698 17.
187 3639 287 3713 ταύτῃ]
306 3643 365 3696 Aet.
384 3638 498 3708 ταύτην.
536 3641 590 3693 Ae·
626 3633 713 3706 ἔργον.
748 3639 806 3692 Por.
825 3638 884 3692 321
902 3637 969 3691 Clur.
986 3637 1062 3692 tuen
1079 3637 1156 3695 tuot·

57 3730 160 3799 octuplus
177 3730 204 3783 in
221 3729 310 3796 Agam.
333 3744 356 3779 ν.
375 3727 425 3781 753
446 3743 484 3794 oq.
505 3724 591 3794 μέγαν
624 3740 673 3793 quo
690 3722 742 3778 τόν
760 3724 805 3777 eod
823 3721 967 3792 ἐποίησεν,
986 3724 1080 3795 ubsque
1096 3725 1155 3781 τόν.

58 3813 154 3885 φωτός
169 3801 253 3886 ὄλβων
268 3813 329 3867 dicit
345 3814 513 3868 τεκνοῦσθαι
527 3795 591 3880 μηδ’
692 3811 735 3865 20.
755 3812 824 3874 τῶν]
849 3811 909 3864 Aet.
928 3815 955 3864 et
971 3811 1087 3866 Nunnius
1108 3814 1156 3882 zoi.

59 3899 168 3959 ἄπαιδα
190 3897 341 3970 θνήσκειν,
366 3901 424 3968 quia
445 3899 541 3952 scilieet
558 3897 590 3950 li·
624 3894 700 3964 Apud
718 3895 818 3949 eosdem
835 3895 908 3949 deest
924 3896 982 3950 τῶν
997 3901 1055 3951 onte
1069 3916 1155 3952 νωτα-

56 3991 111 4045 beri
128 3992 261 4060 parentum
279 3987 423 4040 memorium
442 3985 592 4038 conservant
625 3980 782 4050 δενσνέρων.

56 4075 215 4144 (nocheri.)
693 4067 735 4122 21.
748 4066 796 4121 rut
806 4105 813 4119 .
822 4104 846 4121 ..
859 4064 1038 4134 πεφυκότων]
1054 4067 1153 4121 Scho-

126 4160 169 4218 18.
189 4152 285 4223 uitio]
310 4159 339 4212 ln
362 4154 454 4212 Puni
479 4159 505 4210 et
522 4154 589 4209 (ilur.
625 4154 700 4208 lion
726 4154 752 4208 in
779 4168 858 4221 mors.
883 4153 974 4207 Puni
1000 4157 1027 4206 et
1042 4150 1075 4206 2:
1113 4148 1152 4205 Τό
