2708 4666
483 215 869 291 momontum.
1132 242 1235 292 mix

118 389 261 461 nodum
284 387 399 456 suriae
419 397 509 476 sunt,
534 412 641 479 quum
662 390 804 459 eaedem
826 389 994 458 deberent
1013 391 1141 481 ubique
1160 416 1233 463 esse

118 517 166 606 (o.
194 514 278 603 28).
340 499 450 581 Addit
482 538 542 600 se,
581 540 686 605 quum
710 517 800 585 haec
827 517 1059 608 perspexisset
1078 539 1119 587 ae
1142 519 1232 590 forte
1290 563 1297 570 -

116 644 149 710 ia
174 661 291 728 saproc
315 638 587 710 Christirnomm
613 641 678 731 (V.
696 640 765 729 T.)
782 641 891 709 libros
909 641 1095 728 incidisset,
1121 649 1233 714 omni-

118 769 179 837 bus
206 766 357 834 veritatis
378 765 468 834 uotis
491 767 615 856 quibus
647 766 685 834 hi
721 766 800 835 libri
833 767 960 858 signati
991 779 1069 836 suut
1096 780 1234 861 captum

118 891 321 962 cbmsiam
352 889 513 983 religioni
544 910 671 960 nomen
703 891 840 961 dedisse
878 891 930 982 (o.
958 891 1045 981 29),
1082 899 1235 985 quaesit

120 1021 297 1089 thesaurus
324 1017 431 1109 plane
456 1016 712 1086 inaestimabilis
734 1017 780 1106 (e.
816 1018 899 1107 3⁰).

217 1141 536 1213 Tuuriuslters
571 1151 703 1234 parte
738 1142 950 1214 demonstrat
983 1146 1231 1235 antiquita·
1312 1201 1322 1210 ,

119 1282 204 1340 tem
231 1266 484 1362 religionis
513 1267 823 1352 christisuse3
857 1269 1118 1361 philosophiam
1142 1274 1233 1341 enim

121 1395 392 1466 christianorum
425 1393 533 1486 longe
557 1388 802 1483 antiquiorem
823 1415 898 1462 esse
933 1396 1145 1465 Graecorum
1177 1401 1232 1466 in-

122 1521 251 1590 stitutis.
297 1518 339 1587 ld
364 1529 478 1586 sutem
504 1517 653 1587 Homeri
678 1527 713 1588 et
730 1518 860 1606 Mosis,
895 1520 954 1609 qui
978 1543 1107 1612 magno
1130 1524 1236 1614 plane
1291 1568 1294 1574 ,

121 1641 284 1715 consensu
320 1642 544 1733 antiquissimi
582 1646 733 1714 omnium
768 1647 975 1738 scriptorum
1005 1645 1234 1734 habebantur,

120 1774 268 1842 instituta
295 1770 552 1861 comparatione
572 1772 708 1863 probat

217 1900 274 1967 lle
305 1895 475 1980 Homeri,
499 1894 629 1986 inquit,
652 1907 763 1968 aetate
791 1897 904 1965 variae
928 1906 1008 1966 suut
1033 1898 1233 1989 opiniones3

119 2032 321 2117 argumento
353 2030 406 2090 est
426 2021 515 2090 haec
541 2021 704 2108 dissensio
723 2022 881 2121 historias
902 2023 1115 2091 Graecorum
1137 2034 1250 2092 recto„

119 2151 188 2218 talo
221 2170 293 2217 non
320 2157 416 2226 sture
455 2146 506 2237 (o.
540 2144 617 2235 31).
685 2147 793 2239 Apud
829 2147 1040 2227 Christianos
1077 2169 1161 2215 vero
1195 2158 1234 2217 nt

119 2276 252 2343 nullum
278 2251 413 2367 gloriae
434 2274 619 2365 aucupium
644 2274 692 2342 ita
716 2272 813 2342 nulla
839 2273 1021 2342 dissensio:
1044 2273 1089 2343 sb
1114 2295 1234 2342 eorum

121 2401 275 2469 doctrina
312 2400 406 2468 nulls
438 2409 530 2469 aetas
563 2407 622 2468 aut
657 2396 809 2468 conditio
846 2400 1039 2468 excluditur
1074 2399 1122 2490 (c.
1149 2393 1262 2491 32).‚‘

120 2527 275 2596 Gentiles
299 2526 414 2594 rident
438 2526 656 2595 mulierculas
691 2535 727 2594 et
757 2525 907 2620 virgines
944 2525 1149 2594 christianae
1176 2524 1231 2592 di·
1272 2518 1277 2529 ⁴

121 2654 283 2745 sciplinae
325 2651 497 2734 addictas3
550 2651 612 2720 sed
641 2673 782 2743 prorsus
814 2651 996 2737 immerito,
1028 2673 1133 2741 quum
1166 2651 1234 2744 ipsi

121 2778 350 2847 meretricium
373 2777 533 2869 discipuli
561 2776 630 2845 sint
661 2785 698 2844 et
720 2776 955 2845 meretricibus
991 2777 1043 2868 (c.
1073 2777 1140 2865 33)
1165 2779 1234 2845 im·

121 2906 307 2996 probisque
349 2901 543 2970 hominibus
585 2911 709 2971 statuas
739 2902 916 2995 posuerint
961 2903 1008 2994 (c.
1043 2903 1125 2992 34).
1185 2902 1235 2970 Et

123 3052 164 3098 ns
185 3030 261 3120 quis
283 3029 372 3097 haec
397 3027 482 3096 falsa
510 3051 583 3096 esse
605 3027 761 3114 obiiciat,
779 3029 856 3121 ipse
878 3029 941 3097 has
964 3050 1083 3096 omues
1107 3036 1234 3095 statuas

124 3153 252 3224 &mse
269 3155 409 3224 suismet
433 3153 540 3221 oculis
559 3153 736 3223 sevidisse
762 3163 906 3222 testatur
929 3152 975 3240 (o.
1002 3150 1085 3239 35).
1127 3148 1236 3217 Redit

125 3279 165 3346 sd
193 3279 320 3348 Mosen
348 3288 384 3348 et
407 3279 611 3364 Homerum,
635 3289 739 3367 atque
760 3278 858 3345 illum
883 3278 990 3369 longe
1008 3253 1235 3366 antiquioresis

125 3425 194 3473 esse
209 3404 362 3473 ostendit
384 3425 429 3472 ex
452 3404 674 3496 scriptoribus
698 3402 872 3471 chaldaeis
900 3402 946 3490 (o.
963 3400 1035 3492 36)
1059 3412 1094 3469 et
1117 3400 1234 3493 phoe-

123 3529 265 3614 nicibus,
294 3529 354 3619 qui
368 3528 414 3598 de
433 3529 536 3597 Mose
556 3529 745 3619 loquuntur
769 3528 821 3617 (c.
848 3528 939 3616 37),
985 3536 1021 3595 et
1055 3549 1099 3595 er
1121 3548 1234 3618 regy-

126 3655 218 3744 ptiis,
277 3654 340 3744 qui
369 3676 448 3722 enm
489 3662 647 3746 tempore
676 3653 795 3723 luschi
828 3653 949 3721 vixisse
990 3662 1157 3722 testantur
1186 3651 1233 3739 (o.

128 3777 214 3868 38),
240 3779 312 3847 hoo
341 3786 393 3847 est
420 3778 517 3847 suuis
539 3786 620 3846 ante
646 3778 778 3846 bellum
802 3779 972 3846 troianum
998 3776 1235 3868 quadringen-
1306 3844 1312 3855 ,

128 3903 184 3988 h's,
205 3914 245 3972 nt
267 3913 365 3996 patet
389 3924 434 3972 ex
454 3903 542 3972 serie
562 3925 687 3995 regum
706 3903 917 3994 Argivorum
943 3903 989 3991 (c.
1018 3901 1100 3991 33).
1134 3900 1236 3991 Ergo

130 4028 333 4097 credendum
372 4038 423 4096 est
466 4029 583 4121 potius
611 4027 706 4098 Mori
745 4048 848 4116 qnam
890 4024 1031 4094 Graecis
1067 4023 1120 4114 (c.
1151 4021 1235 4111 40).

132 4150 234 4224 lmmo
278 4153 463 4247 scriptores
495 4149 652 4222 Homero
694 4152 895 4223 vetustiores
933 4156 1074 4243 superat
1105 4145 1236 4230 Moses,
