2708 4666
455 217 606 281 ORATIO
631 219 688 282 Al)
713 220 910 286 GRAECOS.
1172 225 1232 292 iol

120 390 330 450 testimoninm
361 391 401 451 da
431 390 483 452 his
513 390 637 470 ierant,
683 410 721 454 ac
748 396 911 475 singulare
941 401 1098 460 certarnen
1127 401 1233 460 ineunt

117 501 315 578 gladiatores
346 500 464 562 nullan
492 501 534 562 oh
564 519 701 581 cansam,
739 521 799 564 nac
831 507 995 583 qnisquam
1024 510 1232 571 auxiliaturus

117 611 249 672 accedit
295 610 345 670 An
367 611 448 671 talia
474 613 641 689 praeclare
663 630 683 673 a
707 614 800 674 vohis
827 619 1048 693 peraguntnri
1072 618 1131 688 Qui
1154 623 1233 680 enim

117 723 198 780 inter
226 737 286 780 vos
312 721 467 798 dignitato
491 725 636 798 praestat
653 724 826 784 exercitum
849 725 1074 788 homicidarum
1103 728 1236 805 colligit,

118 847 215 907 seque
239 830 383 892 latrones
416 832 505 891 alere
531 832 717 909 profitetnr5
754 835 913 910 prodeunt
941 837 981 896 ah
1009 854 1050 898 eo
1084 838 1236 914 latrones,

118 944 149 1001 et
168 958 282 1002 omnes
304 941 346 1001 ad
369 941 584 1018 spectaculum
614 944 790 1003 convenitis
822 945 943 1005 iudices
973 945 1086 1023 futuri,
1118 947 1235 1024 partim

118 1052 334 1131 agonothetae
356 1052 583 1128 improbitatis,
619 1053 733 1128 partim
754 1052 894 1129 ipsorum
925 1072 1050 1133 quoque
1073 1057 1237 1134 gladiato-

120 1180 193 1222 τιτι.
239 1159 338 1221 Dolet
358 1161 411 1236 qni
432 1161 522 1221 caedi
550 1176 612 1220 non
633 1162 787 1238 interfuit,
822 1164 907 1238 qnod
934 1168 1117 1242 spectandis
1143 1167 1235 1225 nesa-

120 1273 173 1331 riia
196 1274 233 1331 et
253 1270 360 1348 impiis
388 1272 420 1328 et
444 1271 590 1331 scelestis
617 1270 813 1330 facinoribus
837 1289 899 1331 non
933 1273 1031 1336 inerit
1062 1277 1235 1335 damnatus,

119 1381 271 1466 occiditis
299 1380 445 1439 animalia
475 1384 510 1441 ut
541 1398 666 1449 carnem
691 1380 810 1456 edatis,
850 1383 884 1441 et
911 1382 1052 1442 homines
1076 1385 1179 1442 emitis
1204 1388 1238 1444 nt

120 1491 239 1549 animae
275 1491 403 1568 epulum
437 1489 592 1550 hnmanae
631 1490 734 1549 carnis
774 1491 915 1567 paretis,
971 1508 1040 1550 eam
1075 1490 1238 1568 sanguinis

121 1601 273 1660 allusione
296 1599 392 1659 valde
417 1600 511 1676 impia
527 1601 705 1676 pascentes.
742 1598 840 1658 Latro
862 1600 959 1677 igitur
981 1600 1096 1661 occidit
1120 1603 1156 1660 nt
1179 1617 1235 1659 ac-

122 1711 233 1786 cipiat,
264 1709 355 1768 dives
378 1709 574 1785 gladiatores
599 1708 674 1767 enit
701 1712 736 1767 nt
762 1709 956 1768 occidantur.

206 1821 258 1878 21.
287 1817 368 1886 Quid
389 1834 438 1877 me
470 1818 587 1877 iuverit
610 1818 666 1876 ille
696 1818 864 1878 secundnm
889 1816 1072 1894 Euripidem
1098 1816 1237 1878 iuriosns

123 1933 153 1988 et
175 1928 378 1988 Alcmeonis
400 1928 607 1987 matricidium
631 1943 743 2004 agens:
784 1927 839 2002 qui
866 1943 906 1986 ne
938 1926 1079 1986 habitum
1113 1926 1237 2003 quidem

124 2056 209 2100 snam
229 2037 363 2113 retinet,
391 2052 429 2096 ac
453 2037 603 2096 maiorem
625 2037 657 2095 iu
686 2038 809 2096 modum
827 2035 895 2095 hiat
916 2038 949 2095 et
973 2052 1080 2094 ensem
1103 2036 1238 2095 circun-

126 2149 185 2208 iert
216 2150 250 2207 et
286 2147 424 2206 clamans
463 2145 639 2204 incenditur
679 2148 712 2203 et
745 2143 859 2203 stolam
896 2144 1091 2203 inhumanam
1127 2145 1237 2219 geriti

128 2259 257 2318 Valeant
295 2254 438 2315 Acusilai
475 2253 620 2331 fabulae,
668 2257 701 2313 ct
729 2251 898 2312 Menander
932 2253 1071 2312 ciusdem
1110 2253 1237 2330 generis

128 2366 330 2428 versificator.
380 2363 460 2433 Quid
487 2365 537 2433 est
566 2364 650 2440 quod
681 2361 860 2421 fabulosum
890 2361 1048 2421 tibicinem
1076 2360 1238 2421 admirert

130 2479 187 2538 hut
209 2476 355 2553 quidest
374 2474 458 2549 quod
481 2474 651 2533 secundum
677 2471 902 2531 Aristoxenum
926 2471 966 2530 dc
998 2471 1146 2530 Thebano
1167 2469 1237 2528 An-

130 2587 262 2664 tigenide
285 2583 443 2645 curiosius
461 2583 640 2660 inquirant
678 2580 883 2644 concedimus
905 2581 998 2643 vohis
1015 2581 1077 2640 ista
1096 2579 1239 2656 inutilia;

135 2922 182 2959 τιτι
199 2906 361 2960 Alcmeonis
384 2906 416 2959 oh
434 2901 601 2957 matricidium
618 2903 661 2956 iu·
698 2917 775 2954 renus
796 2902 832 2955 Ti
855 2901 887 2956 δι’
910 2903 1058 2970 μοι...Ττ’
1080 2919 1132 2968 μοι
1149 2904 1238 2953 conlra

134 2993 185 3047 md
201 3007 305 3060 gerens.
697 2985 769 3039 codd.
787 2986 872 3039 tidem.

190 3078 216 3132 2
233 3075 342 3144 ιιὲχηιι]
361 3077 420 3128 Par.
440 3074 458 3126 2
475 3071 591 3143 κτχῄττι.
765 3070 791 3124 6.
814 3060 887 3124 acroi
914 3067 1112 3136 Ἀριστόξενοτ]
1147 3068 1181 3120 11.
1214 3084 1239 3120 e.

191 3163 217 3216 3.
235 3158 426 3229 haereticos]
451 3159 530 3213 codd.
558 3161 617 3212 meti
636 3165 663 3212 el
697 3157 852 3209 Aristoxeni
874 3157 973 3209 tortor.
1029 3153 1071 3218 ls,
1098 3150 1264 3218 discipulus<

136 3247 186 3301 editi
200 3241 376 3316 ‘Hyperidem
418 3245 471 3298 Sed
487 3246 554 3297 illam
571 3245 663 3298 lectio·
698 3240 832 3308 Xenophili
852 3244 878 3291 ct
894 3237 1054 3302 Aristotelis,
1081 3235 1159 3287 multa
1173 3236 1239 3288 scri·

138 3347 184 3384 τιτι
207 3331 380 3402 reponendam
409 3346 467 3385 esse
495 3331 664 3383 observarunt
697 3326 750 3394 psit
768 3324 911 3377 nonsolum
928 3318 1240 3391 philosophicasedetiam

137 3415 225 3472 lansius
243 3418 283 3471 lte
302 3417 435 3484 scriptori.
461 3417 583 3468 historiae
606 3415 663 3480 phi·
698 3411 804 3475 musica,
822 3414 852 3461 nt
870 3408 961 3461 librum
980 3408 1042 3473 (iam
1066 3404 1240 3475 deperditum)

138 3499 175 3556 ita.
192 3503 260 3570 (len.
279 3499 357 3555 1716.
378 3499 408 3568 1)
433 3516 459 3568 p.
486 3500 520 3553 24
543 3505 570 3553 et
587 3499 664 3552 Siar-
699 3491 763 3560 sepi
782 3486 912 3561 αὐλητῶν
937 3496 964 3545 ot
990 3490 1053 3556 napi
1077 3487 1172 3545 odida
1190 3490 1240 3545 aul

139 3585 183 3641 tias
196 3586 354 3654 Pherecydis
374 3587 490 3653 iragmm.
517 3583 570 3653 (ed.
589 3583 619 3652 2)
638 3600 665 3653 p.
700 3575 837 3647 ὀργάνων.
874 3578 913 3631 ci.
940 3577 1019 3643 Pauly
1042 3577 1060 3629 1.
1084 3592 1105 3629 c.
1132 3591 1158 3644 p.
1179 3575 1239 3629 801.

140 3669 179 3725 21⁵
701 3664 934 3732 Antigenidas
963 3666 1047 3715 autem
1078 3661 1241 3729 (Thebanus)

194 3757 220 3811 l.
237 3759 289 3827 τῆς
306 3753 414 3811 ἐκείνου
429 3749 563 3823 γλώττης]
587 3754 621 3805 ll.
641 3768 663 3803 e.
698 3750 795 3804 tibicen
808 3753 864 3802 erat
879 3748 1076 3801 celeberrimos:
1094 3744 1240 3800 Plinllist

144 3838 253 3908 (lma)
281 3845 325 3912 qni
349 3843 447 3911 pariter
472 3844 547 3909 atque
571 3837 665 3892 Acusi—
699 3840 751 3889 nal.
769 3835 836 3889 xvi.
855 3850 876 3887 c.
895 3831 939 3898 36,
959 3832 1042 3884 valer.
1061 3832 1130 3884 hier.
1148 3830 1196 3882 ΙΙΙ.
1218 3846 1240 3882 c.

145 3921 188 3980 lna
202 3929 228 3983 in
250 3944 279 3982 re
307 3929 416 3994 mythice
439 3929 566 3980 versatur.
608 3924 666 3976 lla·
701 3922 727 3974 7.
752 3919 778 3988 §.
806 3919 833 3985 2,
859 3918 910 3971 alii.
954 3915 1075 3971 Scholion
1107 3916 1134 3968 in
1159 3929 1239 3980 marg.

147 4022 195 4063 rano
210 4011 407 4066 subandiendum
424 4010 526 4064 ridetur
544 4005 633 4062 ivano.
701 4007 760 4059 Par.
780 4004 795 4056 1
814 4017 889 4055 manu
906 4001 966 4055 itala
984 4001 1028 4067 (ct.
1044 4016 1066 4053 c.
1083 3997 1239 4060 10.n.11):

202 4098 225 4150 i.
244 4099 279 4153 rt
301 4097 444 4166 posml't
467 4091 500 4152 el
523 4095 585 4164 μοι]
610 4096 665 4148 lla·
702 4088 774 4159 Περὶ
790 4083 971 4154 anselme
993 4083 1122 4161 Σοῃΐδας
1140 4077 1238 4135 πολλοὶ.
