2708 4666
388 227 537 289 onnrro
564 228 621 288 nio
643 180 857 288 chaneos!
1130 228 1168 291 rt

138 405 170 462 3.
195 398 387 460 Heraclitum
411 374 492 460 enim
514 416 575 459 non
598 398 811 477 probaverim,
838 404 901 478 qui,
935 419 1026 478 quum
1047 407 1167 465 assata

56 514 161 590 seipso
193 511 308 571 doctus
337 510 369 568 ot
401 525 572 586 arrogans,
610 509 755 571 dicebat:
801 506 878 594 Ipse
897 527 946 573 me
965 509 1167 596 incestignci.

55 623 117 684 lice
138 619 339 682 laudaverim
364 618 449 695 quod
470 633 596 678 carmen
616 618 649 678 iu
666 604 931 698 tempto'llianao
953 623 1169 700 occultaverit,

56 735 86 793 nt
108 732 228 810 postea
249 729 352 789 instar
374 729 519 805 mysterii
541 728 708 805 eden-etun
740 730 857 790 etenim
880 729 994 806 quihus
1022 731 1085 791 ista
1117 750 1169 803 cu-

55 860 108 903 rae
133 840 211 901 sunt
240 836 424 915 Euripidem
454 839 608 916 tragicum
625 838 758 914 dieunt,
804 855 895 915 quum
924 856 965 900 ao
990 842 1115 901 veniret
1137 845 1170 902 et

57 952 198 1029 legeret,
236 947 407 1008 memoriae
436 946 602 1025 paullatim
615 944 789 1033 -Heraeliti
819 949 969 1009 tenebras
998 949 1170 1027 diligenter

57 1060 238 1122 tradidisse.
288 1055 388 1117 Huius
423 1072 500 1116 saue
530 1054 724 1137 impertili}
753 1073 838 1117 mors
866 1057 1048 1135 redarguit3
1087 1076 1169 1136 aqua

58 1170 136 1231 enin'n
158 1169 318 1229 intercute
336 1167 521 1242 renuptae,
541 1152 634 1240 quniu
654 1148 838 1227 mdtlicinam
866 1168 978 1228 eodem
1007 1146 1100 1229 modo
1131 1186 1170 1229 ac

59 1272 292 1357 philosophiam
314 1275 562 1352 permutasset,
585 1291 683 1351 seque
703 1275 897 1335 stercoribus
920 1276 1014 1338 boum
1035 1278 1169 1339 circum-

59 1388 199 1464 levisset,
226 1387 300 1447 timo
321 1384 468 1444 indurato
493 1385 526 1443 et
556 1385 656 1444 totum
679 1398 796 1460 corpus
822 1386 1022 1446 convellenta
1048 1387 1170 1448 dilace-

60 1501 144 1559 ratus
172 1495 305 1557 interiit.
357 1494 433 1555 ’lum
460 1493 585 1553 minime
609 1493 784 1554 audiendus
806 1495 856 1553 est
882 1494 985 1570 Zeno,
1028 1493 1080 1570 qui
1112 1511 1170 1571 per

60 1607 332 1685 conflagrationem
355 1603 537 1682 pronuntiat
557 1603 684 1663 eosdem
706 1619 818 1663 rursus
841 1601 984 1662 homines
1002 1603 1044 1663 ad
1062 1603 1171 1664 eadem

61 1731 238 1795 resurgere,
263 1714 297 1776 id
320 1716 369 1776 est
390 1713 526 1798 Anytum
545 1714 578 1774 et
605 1712 755 1774 lteletum
781 1713 822 1772 ad
847 1713 1071 1792 accusandum,
1104 1712 1170 1775 Bu-

63 1994 150 2047 licitur
176 1992 334 2058 Heraclitus,
352 1994 410 2062 quia
436 1993 466 2046 ab
488 1992 538 2047 illis
557 1996 598 2046 tc·
633 1994 690 2046 the's
703 1989 846 2059 (inuicenus
865 1993 1030 2059 Heraclitum,
1056 1991 1096 2061 μή
1117 1994 1169 2048 do-

63 2079 154 2146 nelris,
172 2078 266 2147 quitus
287 2078 471 2148 philosophiam
496 2077 598 2131 demer-
632 2075 758 2144 νηθένεα
775 2073 867 2132 αὐτόν
885 2072 1049 2132 ἀποσπάσαι
1064 2076 1101 2131 eoi
1117 2076 1169 2149 βό-

62 2169 135 2231 scrut
154 2178 191 2216 ue
212 2163 368 2232 hydropicus
392 2162 493 2232 quidem
519 2165 599 2216 lactus
634 2167 715 2226 tara,
738 2167 834 2230 μεῖναι
863 2161 911 2217 καλ
939 2159 988 2217 did
1008 2161 1062 2232 τήν
1084 2182 1170 2231 μετα-

64 2249 87 2301 iu
119 2247 285 2303 consulendis
322 2247 427 2301 medicis
468 2245 598 2301 discedere
633 2242 724 2317 βολήν
742 2242 920 2316 ἀγνοηθέντα
932 2246 1116 2318 κυνόβρωτον
1127 2267 1172 2318 ps-

64 2334 145 2387 noluit.
186 2334 271 2400 Ham,
290 2335 319 2384 ut
341 2335 377 2386 ait
397 2333 517 2387 laertius
541 2332 598 2400 [lx.
633 2330 744 2388 stodor.
779 2333 831 2387 Sed
851 2334 1037 2388 hocNesnthis
1055 2335 1171 2388 testimo-
1186 2373 1203 2385 ..

64 2434 84 2470 c.
102 2418 126 2474 1.
145 2417 173 2485 ς.
191 2417 239 2487 31,
264 2417 323 2471 τῶν
345 2416 451 2484 ἰατρῶν
469 2418 598 2487 αλνιγμα-
633 2419 703 2471 nium
720 2422 817 2486 pugnat
837 2416 900 2470 illud
913 2417 1015 2487 quidem
1028 2435 1085 2472 cum
1102 2419 1171 2473 Her-

65 2503 157 2566 πολεῖς
191 2499 370 2557 ἐπυνθάνετο
403 2502 431 2557 sl
461 2499 598 2558 δύναιντο
632 2505 718 2572 mippo
743 2500 776 2554 de
799 2502 923 2556 Heracliti
949 2502 1098 2572 sepultura,
1125 2519 1172 2556 ne-

66 2584 92 2653 ἐξ
113 2585 274 2660 ἐπομβρίας
292 2585 401 2656 αὖχμὸν
424 2589 599 2656 πονῆσαι.-
633 2602 759 2657 quaquam
776 2593 860 2640 autern
887 2587 918 2641 de
944 2589 1034 2642 mortis
1061 2603 1172 2655 procrea

66 2672 449 2728 Existimaritlt'orthusverba
462 2671 600 2737 οπαοθελα
635 2672 759 2741 siquidem
783 2677 892 2743 uterum
919 2673 1075 2728 Heraclitum
1100 2673 1173 2728 horis

67 2754 219 2828 ἐτελεύτησε
238 2759 379 2827 [interpres
392 2757 519 2828 campide
538 2760 600 2812 lom
634 2762 750 2811 stercore
774 2757 879 2811 oblitam
905 2759 1015 2828 perlisse
1042 2763 1173 2822 memorat,

65 2844 92 2895 ia
110 2843 275 2910 lsclanpen
297 2842 353 2912 not]
373 2844 411 2896 sic
426 2844 599 2914 intcrpretan-
634 2857 724 2897 verum
747 2842 812 2896 alter
834 2842 958 2913 postridie
981 2843 1108 2914 sepultum
1134 2843 1173 2896 di-

67 2927 93 2980 da
111 2944 185 2983 esse:
218 2928 383 2981 dilaceratae
410 2945 428 2981 a
453 2929 601 2982 concitos
635 2929 678 2996 cit,
696 2927 762 2981 alter
779 2929 909 2981 acanthus
924 2932 1039 2981 voratum
1052 2933 1174 2997 propter·

68 3015 175 3067 interiit.
225 3014 262 3068 nt
293 3027 452 3082 nequaquam
480 3014 601 3067 Tatianus
635 3027 665 3066 ee
684 3011 751 3082 quod
768 3013 870 3080 agnitus
899 3026 951 3065 non
978 3013 1078 3066 inisset.
1113 3012 1174 3065 Μο-

68 3096 226 3152 dtlaceratum
241 3113 256 3150 a
272 3097 377 3151 canibus
393 3098 550 3152 Heraclitum
561 3097 601 3152 di·
634 3113 730 3152 conoe.

68 3183 106 3247 cit,
124 3182 172 3237 sed
193 3182 225 3237 ab
244 3183 288 3236 illo
306 3183 380 3237 bovis
398 3188 514 3237 stercore
534 3183 602 3253 quod
706 3182 731 3235 7.
757 3177 887 3251 Ζήνωνα]
913 3181 1012 3233 hieran.
1037 3178 1175 3247 Ζηνλωνα.

69 3271 142 3321 taum
164 3282 261 3336 corpus
283 3254 441 3321 coarctabat
461 3273 487 3322 et
508 3267 603 3322 dilace-
637 3269 699 3321 Μαι
727 3281 774 3338 pro
805 3261 1041 3334 ἀποφαινόμενον
1075 3264 1175 3318 llorell.

69 3353 142 3406 mhat
178 3352 224 3406 Sic
240 3353 317 3406 etiam
335 3350 402 3422 apud
421 3352 602 3407 Tertullianum
639 3347 879 3419 ἀποφαινόμενον.
894 3378 930 3388 -
954 3350 1087 3404 Sententia
1104 3349 1175 3404 Stoi-

69 3435 227 3508 [adnarlyr.
247 3453 269 3490 c.
288 3436 318 3507 l]
334 3437 479 3492 Heraclitus
494 3454 542 3506 „se
554 3439 603 3492 hu-
639 3451 726 3491 corum
744 3435 775 3490 da
802 3436 1001 3503 conflagratione
1027 3435 1113 3488 mundi
1139 3451 1176 3489 cc.

70 3522 121 3576 tile
141 3527 259 3576 stercore
280 3523 385 3576 oblitum
399 3524 550 3576 exussisse“
564 3523 603 3577 dl·
640 3522 657 3577 6
676 3520 914 3576 cassandrinus
933 3521 1079 3590 exponitur.

71 3607 137 3661 citur.
160 3606 233 3661 ldem
246 3610 357 3660 testator
368 3608 524 3677 Hermippus
538 3606 604 3678 apud
634 3678 636 3683 A
708 3606 734 3659 8.
762 3603 907 3675 Μέλητον]
932 3606 975 3658 Sic
989 3606 1048 3659 Par.
1067 3606 1092 3659 1.
1111 3605 1177 3658 Cae-

70 3690 198 3746 taertium
220 3692 251 3761 [t.
267 3707 289 3744 c.
305 3691 385 3761 §.413
404 3707 497 3761 nempe
520 3692 605 3745 ltera-
640 3692 692 3746 teri
709 3690 781 3746 codd.
811 3693 870 3745 msti
896 3690 994 3761 pariter
1016 3695 1092 3759 atquc
1117 3689 1178 3742 editi

72 3776 160 3845 dimin,
173 3792 232 3830 cum
248 3778 336 3848 pueris
348 3778 467 3833 iussisset
480 3782 509 3831 ut
522 3779 606 3831 sebo·
640 3775 778 3833 Μλλιεον.
814 3774 939 3830 Eumdcm
960 3789 1075 3827 errorem
1092 3774 1118 3825 in
1134 3774 1178 3826 lu-

71 3858 603 3928 risstercoreoblinereutaacarsacdps·
641 3864 702 3916 atini
719 3863 826 3916 cohart.
845 3860 876 3913 ad
904 3861 982 3913 (ient.
1009 3874 1031 3911 c.
1056 3857 1099 3911 λθ.
1117 3856 1180 3912 n.2

71 3963 116 4001 νον
130 3948 299 4013 δευτεραῖον
312 3949 476 4017 τελενεῆοαε
490 3945 538 4000 eui
557 3965 606 4001 ro·
641 3948 752 4000 correxi.
770 3948 811 4000 ci.
831 3945 970 3999 Stallhaom
988 3942 1019 3995 ad
1036 3942 1102 3995 Plat.
1125 3942 1180 3995 liu-

72 4033 157 4099 φῆναι
170 4029 244 4101 ἐντῇ
253 4026 352 4104 ἀγορᾷ.
370 4033 467 4086 Focum
479 4033 606 4086 ieeitcro-
641 4031 744 4101 thyphr.
762 4047 790 4100 p.
808 4030 835 4084 2.
852 4030 885 4083 B.
913 4033 939 4082 ct
962 4029 1056 4081 Kaiser
1081 4026 1180 4079 Hister.

72 4115 606 4186 ditomloquodeitilidem[§.6]Nean-
643 4119 699 4171 crit
718 4115 795 4183 Trea.
813 4130 913 4182 praece
937 4128 962 4182 p.
979 4110 1040 4165 286.
1052 4136 1088 4150 -
1117 4110 1179 4161 ltux
