2708 4666
449 200 598 265 osello
620 200 677 263 AD
700 200 898 267 eutheos.
1195 206 1238 272 55

125 372 428 452 soutouerimni,
462 374 509 434 ita
539 377 574 436 ut
604 375 690 437 aliud
713 376 838 452 quidem
860 375 1023 454 pulchrius
1049 377 1110 455 sit,
1151 378 1239 439 aliud

124 501 195 544 vero
216 482 385 561 pulobrom
415 484 474 543 sed
504 486 607 548 umen
634 485 677 544 ab
702 486 766 546 alio
791 487 1019 563 praestantiori
1042 489 1237 564 superatumi

123 594 383 664 Quemadmodum
412 594 492 652 euim
520 595 665 671 eorporis
696 596 879 655 constitutio
908 597 999 656 unius
1031 598 1082 656 est
1111 597 1237 657 deseri·

121 704 246 782 ptionis,
268 705 304 763 et
328 703 416 763 oiroa
444 701 524 765 illud
552 708 701 765 versatur
724 707 875 764 nascendi
897 723 1010 781 oausa3
1034 709 1067 765 et
1094 707 1238 782 quamvis

122 811 193 874 haee
215 813 265 872 ite
294 828 332 872 se
359 812 512 891 habeant,
553 815 657 875 tamon
680 816 833 891 quaedam
858 817 931 873 sunt
954 815 985 873 in
1011 831 1050 874 oo
1074 814 1237 891 dignitatis

121 923 315 999 lismimina,
335 925 369 982 et
391 923 477 984 aliud
497 926 548 983 est
568 925 695 1002 oeulos,
720 924 806 985 aliud
830 927 881 984 est
908 925 1004 1003 auris,
1026 925 1113 985 aliud
1135 926 1239 1004 oapil·

120 1033 218 1093 lerum
242 1034 376 1093 ornatus
402 1035 437 1093 et
471 1033 690 1094 intestinorum
722 1034 923 1111 distributio,
970 1039 1003 1093 st
1031 1035 1238 1096 medullarum

119 1147 149 1201 et
170 1144 295 1203 ossium
323 1144 358 1204 et
388 1158 559 1203 nervorum
589 1160 778 1221 eompagss3
823 1146 856 1202 et
879 1160 971 1219 quum
993 1145 1081 1205 alind
1104 1145 1145 1204 ab
1172 1145 1238 1207 ulio

118 1251 262 1328 diderat,
305 1268 442 1312 summus
479 1257 530 1312 est
559 1253 590 1312 in
619 1255 772 1314 communi
794 1253 1016 1313 distributione
1051 1257 1236 1315 oonoentus:

118 1361 267 1421 similitor
283 1362 431 1438 mundns,
453 1362 623 1423 seeundum
646 1363 785 1423 auctoris
803 1363 852 1422 soi
871 1364 1062 1439 potestatem
1084 1365 1238 1439 quaedam

118 1471 356 1548 splendidiora,
401 1472 555 1549 quaedam
591 1472 641 1532 his
676 1472 842 1532 dissimilia
871 1472 1043 1548 continens,
1073 1472 1237 1532 voluntate

118 1583 242 1660 opilieis
266 1582 411 1658 spiritum
434 1582 560 1658 auoepit
587 1582 792 1641 materialem.
847 1580 933 1640 llaeo
960 1583 1064 1640 antem
1092 1580 1236 1658 singula·

119 1693 173 1752 oi·
193 1693 384 1769 perspioere
407 1694 516 1769 potest
544 1693 596 1773 qui
625 1707 687 1751 non
718 1690 856 1767 superbo
879 1691 1003 1767 respuit
1031 1691 1138 1751 divina
1160 1705 1237 1750 ora-

118 1802 206 1879 onla,
262 1818 345 1878 qnae
366 1805 509 1878 tompore
539 1801 733 1878 procedente
763 1800 868 1860 literis
899 1801 1084 1876 consignata
1113 1800 1237 1860 omnino

118 1912 238 1973 amieos
264 1912 327 1971 deo
349 1927 407 1970 eos
429 1910 573 1971 iecerunt
593 1911 648 1987 qui
671 1911 806 1970 animum
829 1911 907 1987 ipsis
935 1911 1115 1969 advertunt.
1148 1908 1236 1969 liae·

118 2037 229 2082 moses
250 2021 348 2097 igitur
369 2016 431 2100 (its
453 2022 534 2091 enim
565 2020 770 2098 appellatis),
813 2036 905 2094 quum
931 2037 972 2078 ox
994 2017 1127 2076 materia
1149 2034 1237 2078 oom-

118 2132 206 2208 paoli
229 2134 350 2208 esseut,
380 2134 414 2191 et
439 2131 585 2207 spiritum
610 2144 650 2187 ox
681 2143 720 2186 aa
749 2126 941 2200 traxissent,
989 2126 1236 2201 intemperantes

118 2398 155 2451 tis
182 2402 247 2451 ete..
265 2426 300 2437 —
347 2396 459 2449 Prorsus
484 2393 558 2448 aliter
581 2393 663 2447 Stoicl
698 2390 876 2459 ἃιαγραφῆς,
924 2392 953 2441 ot
988 2392 1028 2441 ost
1061 2386 1088 2440 ln
1117 2387 1185 2441 Fris.
1210 2392 1238 2442 et

119 2482 154 2536 de
172 2482 256 2536 enimn
285 2480 372 2535 muudi
400 2480 538 2533 docebant:
572 2493 663 2547 nempe
697 2477 758 2531 Par.
775 2475 801 2530 2.

119 2584 177 2622 eam
199 2583 252 2622 non
273 2583 321 2636 pro
352 2566 393 2619 dei
415 2565 516 2635 opificio
546 2565 591 2618 sed
615 2578 662 2634 pro
767 2555 927 2626 12⁰0por
942 2599 948 2612 .
966 2599 972 2613 .
988 2599 994 2613 .
1009 2554 1236 2627 πολιτευόμενοι]
1301 2626 1303 2631 y

119 2656 176 2724 ipso
196 2652 245 2706 deo
264 2653 397 2720 hebebant,
417 2653 459 2720 qui
474 2651 586 2720 seipsum
604 2650 662 2701 nni·
697 2649 736 2701 lle
756 2651 832 2717 parit.
857 2639 933 2713 ὅμως
957 2641 988 2699 oi
1012 2635 1065 2699 odo
1093 2647 1125 2700 oi.
1147 2644 1234 2697 Klots.

119 2743 163 2793 ret
179 2738 295 2809 partibas
319 2736 414 2790 mundi.
451 2737 491 2789 Gi.
511 2751 532 2788 o.
550 2734 576 2788 l.
593 2750 620 2787 n.
634 2733 660 2788 8.
697 2732 729 2786 ad
746 2733 838 2792 lieret.
856 2731 911 2786 Vol.
930 2733 964 2784 11.
989 2747 1014 2801 p.
1033 2728 1092 2784 679.
1111 2728 1238 2784 blorollus

695 2832 743 2887 pro
763 2812 839 2871 οὕτω
861 2818 954 2870 villose
981 2810 1046 2871 οὔτε
1071 2815 1149 2869 dedit.
1184 2815 1237 2868 Pro

695 2921 726 2957 τι
743 2903 816 2977 (anto
834 2903 959 2970 πνεῦμα)
976 2906 1004 2955 tu
1020 2903 1107 2954 lorssu
1121 2895 1155 2954 to*
1170 2900 1237 2953 seri-

695 2990 796 3060 poetis:
814 2991 967 3053 Memonee,
986 3001 1019 3039 es
1034 2987 1237 3038 materiatam·

190 3080 235 3135 11.
258 3076 311 3141 soie
329 3076 484 3138 duoodroo
504 3072 662 3143 loppvso'oo]
694 3075 777 3142 paoli,
799 3074 900 3141 spirita
927 3087 961 3125 ex
976 3087 1009 3124 eo
1033 3074 1121 3123 sumto
1138 3070 1237 3120 iutere-

123 3166 215 3233 enimi
235 3165 364 3232 intelligat
383 3167 471 3217 molor
494 3166 583 3215 noster
601 3175 662 3213 ver·
693 3162 823 3226 punam
849 3162 915 3210 etc..
950 3155 1009 3208 Noli
1032 3158 1140 3207 mutare.
1169 3149 1237 3203 Ges·

123 3253 222 3306 elom
243 3245 662 3320 hxxinarpretun,qusnpo1-
697 3257 763 3307 ner,
781 3241 897 3307 llerold,
915 3238 1027 3307 blorell,
1052 3236 1152 3289 Wortb.
1186 3248 1239 3287 non

122 3337 238 3406 losopbin
255 3337 336 3403 hisne,
355 3336 454 3403 praede
472 3334 585 3397 scilicet,
602 3345 664 3398 per·
700 3320 747 3381 ἀπ’
766 3321 858 3394 αὐτῆς
874 3324 950 3391 (Par.
970 3323 996 3390 1,
1024 3323 1097 3391 hel.)
1123 3319 1170 3375 sed
1190 3313 1239 3375 ὑπ’

123 3420 261 3491 legendnm
277 3421 417 3491 propositi
446 3420 578 3473 Wortbos.
595 3417 664 3469 con·
699 3406 789 3480 αὐτῆς
823 3410 921 3478 (Fris,
961 3409 1022 3462 Par.
1046 3408 1076 3476 2)
1102 3406 1237 3460 dederont

124 3508 401 3575 trebsnielss'otioe
414 3508 439 3560 ri.
452 3505 529 3574 Apol.
549 3502 664 3572 p.1ss):
699 3498 751 3552 l'ro
769 3499 838 3551 ι’τ.
857 3489 904 3564 dp.
925 3488 999 3565 αὐτῇ
1017 3493 1078 3549 hob
1102 3513 1127 3547 κ.
1149 3510 1175 3546 τ.
1190 3485 1238 3560 ep.

123 3595 181 3662 „Es
208 3593 268 3648 sind
290 3592 359 3646 wohl
375 3595 411 3647 im
427 3591 606 3658 Allpemeinen
624 3588 664 3642 die
700 3577 841 3652 αὗται-
881 3579 922 3635 hl
942 3580 1019 3634 serbe
1039 3577 1179 3648 σύμπηξιν
1209 3574 1241 3644 ἐξ

123 3679 293 3750 improche
323 3677 369 3731 der
399 3677 513 3744 heiligen
546 3675 665 3728 Antoren
698 3662 767 3737 ὅλης
789 3663 924 3736 λαβόντες
950 3666 997 3734 (ci.
1024 3681 1047 3719 o.
1070 3665 1112 3719 15.
1136 3680 1163 3718 n.
1190 3661 1239 3733 12)

123 3781 154 3819 uu
172 3763 324 3832 rerslebem
341 3763 438 3815 welche
460 3761 497 3815 als
517 3759 558 3813 die
577 3757 664 3827 lopp-
700 3761 741 3810 ost
757 3755 872 3809 scholion
895 3753 922 3807 ln
939 3767 1020 3818 merg-
1039 3751 1097 3804 Per.
1115 3750 1149 3803 1:
1177 3748 1241 3803 dal·

124 3854 181 3912 seis
199 3848 247 3902 des
266 3849 321 3901 sioh
347 3845 544 3901 odenbrrendeu
572 3844 665 3898 Gelbes
699 3859 783 3910 posse
809 3840 848 3909 [h.
873 3853 897 3892 e.
925 3836 1010 3904 angeli
1034 3837 1095 3890 boui
1120 3839 1148 3888 et
1169 3832 1240 3904 muli]

123 3936 273 4003 mesebon
300 3933 436 3987 werdon.“
454 3962 490 3973 -·
537 3932 589 3987 Pro
616 3925 665 3984 διὰ
700 3925 835 3981 σύνθετοι
860 3920 889 3990 ἐξ
914 3915 984 3991 ὅλης
1005 3920 1053 3976 eol
1072 3920 1176 3983 eldoec.
1198 3918 1239 3972 ci.

124 4020 239 4089 respic
256 4018 365 4085 (dirisez
385 4019 424 4073 sio
441 4018 501 4072 Per.
520 4015 536 4071 1
554 4016 665 4083 ethei)
700 4029 728 4067 n.
747 4009 772 4065 9.
812 4010 940 4065 inmun
962 4007 1010 4060 boo
1033 4006 1089 4060 looo
1115 4003 1187 4074 (coll.
1216 4018 1239 4056 o.

127 4106 250 4171 Gesner,
283 4101 399 4169 herold,
429 4103 540 4169 hiereli,
567 4102 665 4156 worth.
699 4097 750 4166 so)
773 4093 907 4163 δαίμονες
939 4096 968 4144 ol
1003 4089 1069 4161 opud
1099 4089 1240 4158 scriptores

189 2857 232 2912 le.
253 2853 309 2925 ro]
328 2856 384 2909 llos
400 2855 521 2908 bleranus
545 2869 577 2907 er
601 2853 661 2906 Pur.

120 2946 137 2998 1
154 2958 204 3014 pro
220 2943 290 3009 vulg.
311 2938 345 2996 vd
363 2942 487 3011 reposuit.
