2708 4666
295 175 560 241 supplicanro
582 175 662 238 PRO
684 175 947 261 cnmsnianls.
1115 176 1176 243 1³7

67 350 201 407 naturae
225 347 479 407 constitutionem
498 349 572 424 lege
598 349 731 408 rationis
757 348 976 426 gubernentur.
1021 348 1085 409 Sed
1105 351 1179 426 quia

66 455 233 532 profectae
255 458 451 518 econtrario
475 458 588 533 spiritu
610 458 810 517 daemonicae
831 460 985 519 motiones
1005 463 1038 517 et
1059 474 1177 534 opera-

67 566 171 624 tiones
193 565 387 625 inordinatos
412 565 471 624 hos
495 567 629 642 impetus
649 568 803 652 excitant,
830 568 960 643 insuper
984 570 1017 626 et
1036 567 1178 628 homines
1250 589 1255 598 “

66 674 162 734 alium
186 675 296 750 aliter,
327 678 359 733 et
384 674 525 750 singulos
551 678 584 734 et
605 676 788 751 universos,
816 677 963 753 privatim
987 679 1019 733 et
1041 692 1179 737 eommu-

65 783 166 858 niter,
188 800 247 859 pro
268 785 391 843 ratione
415 784 565 842 materiae
583 786 616 842 et
631 787 826 859 cognationis
847 802 914 844 cum
933 785 1047 843 divinis
1070 786 1178 865 rebus,

66 892 151 951 intus
179 894 212 950 et
234 891 375 950 exterius
396 894 538 950 movent:
570 895 742 969 propterea
764 892 921 968 nonnulli,
952 910 1080 968 quorum
1106 897 1175 954 exi·

65 1001 205 1059 stimatio
234 1016 295 1058 non
326 999 407 1058 levis
435 1002 502 1074 est,
538 1006 727 1060 censuerunt
755 1003 842 1060 nullo
875 1003 985 1061 ordine
1016 1004 1075 1063 hoc
1107 1004 1178 1062 uni·

65 1095 200 1168 versum
215 1110 408 1183 consistere,
431 1110 486 1167 sed
511 1110 679 1168 temerario
704 1126 777 1168 casu
797 1111 846 1188 agi
868 1115 900 1168 et
922 1111 1017 1179 scrri,
1040 1128 1099 1170 non
1127 1113 1177 1194 ip-

64 1218 248 1294 telligentes
268 1235 308 1276 ex
335 1219 372 1276 iis
395 1219 519 1293 quidem
542 1235 621 1293 quae
650 1219 691 1277 ad
719 1220 815 1278 totius
846 1221 948 1278 mundi
977 1221 1178 1281 constitutio·

64 1344 135 1386 nem
172 1330 304 1385 attinent
340 1327 418 1385 nihil
452 1328 659 1385 inordinatum
691 1332 743 1386 aut
779 1324 954 1403 neglectum
988 1346 1078 1404 esse,
1119 1329 1178 1389 seul

64 1436 303 1510 unumquodque
324 1437 447 1494 ratione
471 1436 550 1510 fieri,
572 1428 654 1494 un‘do
676 1451 734 1493 noo
756 1440 984 1513 praescriptum
1007 1438 1068 1495 sibi
1089 1438 1178 1496 ordi-

63 1561 132 1602 nem
150 1545 439 1620 transgrediuntur,
461 1543 614 1602 hominem
638 1548 760 1618 autem,
784 1550 929 1618 quantum
954 1546 993 1603 ad
1012 1562 1080 1604 eum
1105 1547 1176 1620 qui·

64 1655 134 1713 dem
161 1670 178 1711 a
202 1670 263 1729 quo
286 1652 388 1712 laetus
410 1655 459 1711 est
481 1654 621 1728 spectat,
645 1655 707 1711 tum
726 1655 812 1711 ortuis
835 1650 963 1728 natura,
986 1670 1065 1728 quae
1085 1672 1176 1714 unam

64 1767 97 1821 et
124 1779 313 1821 communem
344 1762 496 1821 rationem
527 1762 631 1837 tenet,
661 1763 724 1819 tum
755 1764 898 1839 corporis
920 1764 1001 1838 quod
1024 1761 1176 1823 formatur

64 1871 288 1948 dispositione,
311 1887 390 1946 qnae
414 1871 649 1929 convenientem
677 1871 739 1946 ipsi
762 1870 864 1945 legem
894 1888 954 1929 non
978 1872 1176 1950 transgredi·
1259 1890 1264 1901 ’

63 1983 132 2057 tur,
162 1982 226 2039 tum
248 1980 332 2036 vitae
354 1979 455 2053 exitu,
488 1979 540 2052 qui
560 1996 618 2054 par
641 1981 673 2036 et
695 1980 862 2038 communis
886 1983 1007 2057 manet,
1032 1981 1175 2042 ordinato

63 2106 97 2147 se
126 2088 263 2164 hebere,
292 2091 436 2162 quantum
460 2104 537 2147 vero
572 2088 611 2146 ad
635 2089 796 2163 propriam
818 2089 877 2164 ipsi
900 2089 1052 2147 rationem
1079 2088 1174 2149 etad

62 2197 250 2256 dominantis
278 2197 428 2273 principis
452 2198 483 2255 et
505 2196 727 2255 assectantium
754 2198 935 2256 daemonum
960 2197 1174 2273 operationem

61 2310 201 2384 spectat,
225 2305 318 2364 alium
334 2306 429 2364 aliter
452 2306 530 2365 ferri
553 2310 585 2364 et
609 2307 745 2381 moveri,
770 2306 911 2380 quamvis
931 2309 1099 2366 eommunis
1123 2308 1173 2367 in-

61 2417 101 2474 sit
118 2415 261 2474 omnibus
284 2416 489 2474 ratiocinandi
511 2415 656 2475 facultas·

146 2525 197 2583 26.
217 2522 257 2581 Et
280 2524 301 2581 ii
323 2524 446 2599 quidem
467 2526 519 2600 qui
542 2525 583 2583 ad
605 2522 771 2584 simulacra
788 2522 929 2581 homines
948 2523 1076 2583 trahunt
1093 2525 1172 2585 dae·

60 2650 168 2693 mones
184 2635 256 2692 sunt
271 2633 453 2708 supradicti,
470 2634 521 2707 qui
536 2633 729 2691 victimarum
744 2632 888 2707 sanguini
904 2631 993 2691 altini
1009 2636 1080 2691 sunt
1097 2650 1172 2693 eas·

61 2760 119 2818 quo
136 2741 294 2815 lambunt;
315 2742 358 2799 dii
374 2745 475 2800 autem
493 2743 540 2800 illi
558 2741 611 2816 qui
633 2741 730 2816 vulgo
752 2741 878 2816 placent
900 2758 1092 2818 quorumque
1113 2761 1172 2805 no·

59 2852 140 2910 mina
159 2851 273 2910 statuis
294 2851 492 2927 imponuntur
517 2850 658 2909 homines
682 2849 826 2928 fuerunt,
855 2852 889 2907 ut
905 2850 980 2909 licet
1000 2868 1039 2909 ex
1063 2867 1170 2913 eorum

57 3082 131 3135 κατὰ
155 3079 186 3136 δὲ
214 3077 263 3135 τόν
291 3083 366 3135 ἴδιον
393 3078 484 3152 ἑαυτῷ
514 3078 596 3147 λόγον
700 3079 724 3132 1.
744 3078 905 3144 προειρημ]
931 3080 959 3129 ln
982 3079 1053 3131 lllou.
1076 3095 1168 3147 super-

59 3165 229 3234 (respondent
252 3167 426 3235 superioribus
451 3163 523 3219 κατᾶ
545 3163 596 3234 μὲν
630 3163 805 3228 scriptumest
820 3180 850 3230 ῃ,
876 3165 904 3212 ut
921 3161 1113 3230 προῃρημένοι
1130 3166 1168 3217 le-

57 3251 107 3304 τὸν
129 3248 320 3317 πεποιηκότα,
344 3269 377 3304 ec
392 3255 503 3304 consitio
519 3269 595 3304 creu—
630 3251 711 3312 galur-
745 3248 774 3298 ln
786 3247 850 3311 Arg·
864 3245 973 3301 addjlum
987 3252 1026 3298 est
1042 3247 1103 3309 καίς
1122 3249 1168 3302 sed

57 3336 140 3405 loris)
157 3352 185 3388 ea
200 3337 312 3389 indicunt
327 3336 356 3388 ad
372 3353 435 3403 quse
451 3339 525 3389 homo
541 3339 594 3403 ipse
629 3331 751 3384 articulus
779 3333 904 3396 repetitus
928 3331 963 3397 (c.
978 3332 1020 3385 25.
1042 3349 1066 3400 p.
1081 3333 1116 3385 28
1131 3335 1168 3402 Δ)

55 3436 115 3473 sua
133 3420 214 3472 volu
225 3424 321 3473 atate
336 3422 453 3486 inclinat3
473 3438 529 3473 nam
546 3416 594 3472 ἄν.
629 3415 664 3466 nil
679 3415 827 3466 offensionis
840 3417 956 3484 praebet.
991 3418 1051 3470 llos
1066 3418 1129 3470 Lub.
1142 3424 1169 3473 el

55 3507 172 3570 θρωποι
189 3505 282 3558 liabent
296 3502 469 3572 αὐθαίρετον
483 3508 529 3560 nul
543 3505 594 3574 τήν
629 3501 698 3552 ΜΘΗ·
715 3497 949 3566 προσεστηκότες,
975 3517 1026 3554 non
1049 3517 1168 3571 προστε-

55 3586 160 3657 ripariis
190 3588 237 3643 nal
268 3588 318 3657 τήν
348 3593 451 3644 κακίαν
481 3591 515 3656 (c.
536 3592 593 3659 24).
630 3582 754 3651 τηκὸτες.
791 3585 1088 3640 somnolentum
1111 3591 1167 3643 τῶν
1218 3608 1223 3614 ·

53 3675 163 3729 Accedit
184 3675 292 3727 hominis
313 3678 498 3742 cognatioeum
514 3682 594 3729 mate·
630 3670 739 3738 prospi.
775 3670 841 3721 Dein
857 3669 921 3736 Arg.
937 3668 1034 3736 ἱερέων
1049 3676 1076 3724 et
1089 3692 1165 3740 περι·

53 3761 90 3813 ria
109 3761 147 3826 (e.
164 3759 223 3825 27).
629 3750 810 3820 λιχνώμενοι,
852 3753 911 3807 Aet.
947 3752 1166 3826 usputrzoipsooa.

122 3843 166 3897 26,
186 3839 281 3907 wop]
297 3844 507 3898 pompelum,
521 3862 593 3898 men.
629 3839 772 3890 Daemones
797 3838 909 3890 lambunt
933 3842 1064 3909 victimam
1100 3846 1167 3899 eirea

51 3929 114 3983 lesa
133 3930 372 3999 praetermiserunt.
629 3921 748 3975 mundum
761 3923 827 3975 enim
841 3924 962 3977 oberrent
974 3926 1009 3992 (c.
1018 3925 1074 3993 25).
1101 3928 1166 3982 cne-

120 4009 507 4077 27.uo=me]sncouo.ns1i.
523 4016 593 4069 Elin
628 4011 710 4059 ‘llum
725 4006 765 4060 8ΰί
779 4010 869 4092 lutllss·
884 4010 960 4077 Apol.
975 4010 996 4062 l·
1011 4027 1033 4063 c·
1048 4013 1064 4065 5
1080 4013 1164 4081 stup.

47 4101 120 4164 (exc.
139 4098 222 4167 Duc.)
244 4092 350 4163 αὐτοῖς.
387 4101 426 4154 ct.
442 4116 464 4153 c.
479 4100 505 4156 2,
524 4117 549 4156 ῃ,
566 4101 591 4155 9,
628 4092 1163 4163 ilco.Minueritonav.c.27.§.3.
