2708 4666
287 203 350 268 D!
371 203 708 271 RESURRECTIONE
729 207 992 274 montuosus.
1112 209 1177 279 Μ

61 375 162 453 pienti
179 376 214 436 et
229 375 363 439 rationis
390 380 539 458 participi
555 382 776 459 congruentia,
798 384 872 442 sunt
889 382 980 444 data:
1001 382 1105 461 probe
1127 382 1180 445 in-

62 485 248 562 telligentes
270 485 408 549 iuturum
431 506 492 550 nou
513 490 613 551 tuisse
629 495 664 550 ut
686 493 839 551 eiusmodi
855 491 991 569 tingeret
1007 492 1123 554 animal
1145 496 1180 554 et

61 595 206 656 omnibus
220 597 262 656 ad
276 599 520 675 perpetuitatem
538 601 634 660 rebus
650 604 789 680 ornaret,
812 600 943 661 nisihoc
959 618 1039 679 opus
1053 601 1180 662 votuis-

62 706 115 764 set
129 720 326 782 permanere.
351 706 384 767 Si
400 709 496 785 igitur
506 708 637 770 huiusce
656 711 873 770 universitatis
895 709 1006 788 opifex
1023 710 1178 771 homiuem

61 815 186 874 creavit
207 817 242 875 ut
264 817 418 894 sapientis
433 820 519 878 vitae
539 820 702 896 particeps
726 823 830 897 esset,
857 824 890 880 et
912 820 1011 896 ipsius
1033 820 1179 897 magnifl-

61 925 187 985 centiae
209 928 243 984 et
258 925 412 986 elucentis
427 929 458 986 in
475 927 617 988 omnibus
632 929 808 1005 sapientiae
825 928 1008 1004 speculator
1027 926 1132 989 iactus
1145 930 1180 990 iu

61 1033 114 1093 luis
129 1051 255 1111 semper
270 1035 518 1114 contemplandis
533 1040 744 1114 permaneret,
762 1038 931 1098 secundum
947 1039 1085 1099 auctoris
1100 1054 1181 1099 oon-

61 1143 168 1203 sitium
190 1148 222 1203 et
238 1149 399 1222 acceptam
415 1147 455 1205 ab
471 1162 509 1205 eo
526 1149 685 1222 naturam,
705 1147 855 1206 nascendi
875 1163 970 1206 causa
987 1146 1079 1206 fidem
1101 1144 1181 1206 iacit

61 1255 306 1330 perpetuitatis,
329 1256 527 1332 perpetuitas
542 1259 644 1314 autem
658 1256 919 1333 resurrectionis,
941 1271 1002 1331 qua
1026 1255 1095 1314 sine
1117 1254 1178 1315 ho·

61 1378 115 1420 mo
130 1378 316 1437 permanere
339 1379 400 1422 nou
416 1364 528 1440 possit.
572 1362 621 1422 Ex
641 1363 680 1421 iis
703 1367 806 1423 autem
824 1381 905 1440 quae
922 1364 1057 1424 diximus
1078 1363 1180 1440 liquet

60 1471 328 1531 resurrectionem
351 1489 392 1531 ex
412 1473 561 1532 nascendi
580 1487 675 1531 causa
697 1475 731 1532 et
750 1472 884 1532 consilio
913 1473 1070 1533 creatoris
1091 1473 1182 1533 elane¹

61 1579 284 1640 demonstrari.
328 1580 426 1649 Quum
454 1598 531 1659 ergo
559 1582 634 1640 talis
661 1598 757 1641 cansa
784 1582 962 1655 exstiterit,
998 1599 1053 1642 cur
1084 1581 1179 1642 homo

63 1687 95 1747 iu
117 1687 237 1748 huncce
266 1691 410 1750 mundum
441 1691 658 1768 induceretur,
686 1696 927 1752 consentaneum
961 1696 1014 1752 est
1041 1694 1179 1768 atquae

63 1813 105 1857 ex
128 1793 175 1856 his
197 1796 311 1859 naturai
331 1803 385 1860 aut
406 1801 517 1860 ordine
539 1804 771 1877 consequuntur
793 1800 1046 1862 consideremus:
1069 1802 1101 1860 iu
1117 1799 1180 1862 huo

63 1909 168 1966 autem
186 1908 361 1982 [veritatis]
389 1909 634 1987 investigatione
653 1911 795 1986 sequitur
811 1909 961 1969 nascendi
976 1926 1101 1970 oausam
1116 1908 1179 1969 luo·

62 2016 178 2076 minum
193 2018 369 2092 genitorum
393 2022 524 2095 natura,
547 2019 702 2079 hominum
726 2022 869 2078 naturam
888 2019 1001 2078 iustum
1023 2017 1178 2078 creatoris

62 2128 104 2187 de
127 2128 237 2187 iisdem
267 2126 428 2203 iudicium,
459 2132 491 2187 et
519 2128 727 2188 haecomnia
754 2130 838 2187 vitae
861 2127 942 2189 finis.
985 2127 1041 2186 tiis
1064 2128 1179 2203 autem,

63 2253 145 2312 quae
170 2235 343 2313 principem
371 2236 473 2297 locum
497 2240 622 2315 tenent,
657 2235 856 2316 investigatis
878 2235 1107 2297 consideranda
1128 2237 1180 2296 est

63 2346 214 2422 deinceps
231 2344 364 2404 hominis
387 2350 509 2407 natura.

153 2458 204 2514 td.
227 2451 380 2513 Veritatis
398 2456 577 2532 dogmatum
597 2458 652 2515 aut
671 2455 889 2529 cuiuscumque
912 2453 960 2513 rei
987 2452 1028 2513 ad
1045 2451 1178 2513 investi-

63 2565 201 2642 gandum
229 2563 416 2641 propositae
449 2564 693 2643 demonstratio,
728 2580 810 2640 quae
838 2564 963 2641 quidam
995 2562 1179 2625 indubitatis

65 2866 137 2920 lion
157 2865 183 2918 in
202 2879 282 2932 marg.
307 2865 365 2918 Par.
385 2866 442 2919 tet
458 2868 491 2920 2:
517 2864 606 2922 Ἐπα-
644 2866 716 2936 [Ριε.
742 2865 760 2919 2
777 2865 826 2920 καί
852 2863 1108 2935 προαπεικάνιομα]
1126 2864 1179 2919 τοῦ

65 2947 189 3018 νάληψις
225 2951 425 3019 πλαιυκανίρα
450 2953 508 3006 τῶν
536 2971 606 3020 προ-
641 2947 879 3019 πεποιηκότοςερῖ
890 2945 1080 3022 ἀίικῷποάπιμ
1094 2949 1180 3002 αἰοῑνι

65 3035 261 3104 εξητασμὲναν
280 3036 345 3104 περί
361 3033 540 3100 ἀναστάοειις
557 3035 605 3092 λό-
642 3035 860 3101 παραυχεθείοα,
879 3030 924 3101 ἐφ’
941 3025 965 3103 qi
983 3035 1073 3100 λοιπῷ
1093 3027 1178 3100 καλή

64 3139 135 3188 γαν·
170 3118 227 3175 ἀπὸ
263 3122 320 3174 τῶν
347 3115 442 3175 αὐτόν
468 3118 608 3192 ἀφορμῶν
644 3120 742 3171 δικαία
757 3119 881 3184 κρίσις
895 3110 1179 3183 ουνεπιάρείκαεάπδ

66 3207 117 3274 τῆς
133 3205 196 3260 κατ’
216 3200 305 3272 ἀρχάς
322 3222 396 3272 φημι
414 3207 472 3260 τῶν
492 3206 607 3275 ἀνθρώ·
644 3199 844 3269 ἀποκείμενον,
869 3201 954 3254 τοῦδε
971 3202 1024 3255 εον·
1044 3200 1179 3267 φθαρτοῦ

66 3311 129 3346 παν
156 3292 196 3353 είς
219 3286 305 3345 τόνδε
329 3287 380 3343 ror
398 3286 504 3356 κόσμον
521 3291 606 3360 προά-
641 3285 826 3354 procreans
843 3280 1176 3354 [⁰f·⁰·13·¹¹·¹4])‚<··39

67 3377 120 3432 δον
137 3375 186 3431 καί
208 3375 265 3428 κάν
282 3393 353 3440 μονα
370 3394 421 3443 την
439 3395 527 3445 αρχην
545 3374 606 3432 ἐπι·
641 3373 740 3425 τοίνυν
758 3376 798 3442 τῷ
815 3369 972 3436 προτείνειν
995 3371 1086 3424 ταῦτα
1106 3365 1180 3436 πράς

66 3458 233 3530 γενομένων.
274 3455 323 3514 Ἐν
350 3459 403 3529 μάρ
430 3463 470 3530 τῷ
488 3463 529 3523 είς
546 3459 607 3527 ίξέ-
642 3450 797 3522 ἐπισκοπὴν
814 3454 861 3507 καί
885 3451 1011 3518 ἐξέτασιν
1027 3453 1056 3506 τί
1073 3445 1109 3506 ἀν
1127 3447 1180 3507 ἀλ·

67 3563 150 3601 τασιν
169 3544 328 3611 προτείνειν
352 3542 388 3598 κά
413 3541 470 3599 ἀπό
495 3547 547 3613 τῆς
566 3545 607 3615 [ca
642 3545 674 3595 ίο
705 3541 747 3609 είη
772 3532 790 3606 ἦ
815 3541 872 3592 τάν
903 3534 1182 3606 προεεθεαρημίναν

67 3645 117 3683 rex
140 3628 215 3682 deest
242 3631 268 3682 iu
294 3631 351 3683 Par.
378 3629 407 3698 2]
434 3632 533 3699 κοινῆς
557 3630 608 3684 καί
643 3621 913 3694 είοαγαγικάεερον,
932 3617 1115 3694 ἀκριβεστέρα
1132 3620 1181 3676 καί

68 3716 192 3783 φυσικῆς
221 3712 346 3778 ἐννοίας,
370 3707 389 3784 ἢ
408 3716 460 3784 τῆς
484 3712 547 3780 περί
572 3710 608 3766 ποί
642 3709 840 3779 θεαρικατίρα
872 3706 1011 3773 tetrorum
1038 3737 1074 3748 -
1098 3707 1180 3761 codd.

65 3801 167 3868 πρῶτα
193 3801 246 3854 τῶν
270 3797 410 3867 δευτέρων
435 3796 609 3860 ἀκολουθίας
643 3800 701 3851 msti
721 3800 746 3849 et
764 3794 825 3848 editi
843 3800 940 3848 textum
962 3792 1137 3846 deterruerunt
1154 3792 1181 3844 iu

67 3880 253 3954 ίπράεηδλὴ
272 3885 427 3952 γένεσις,
445 3877 522 3953 ἧτινι
539 3881 608 3937 ἐπα·
643 3885 710 3936 huno
734 3882 850 3934 modum:
935 3878 992 3931 τῶν
1020 3874 1183 3943 ἀνθραπων

65 3972 203 4025 antandri
215 3963 233 4040 ἡ
249 3970 306 4024 ειόν
320 3967 477 4036 γενομέναν
494 3965 609 4034 ἀνθρώ·
644 3967 747 4035 φύσιν,
771 3959 789 4035 ἢ
815 3964 878 4020 deci
903 3965 960 4017 ruia
978 3963 1028 4030 nic
1046 3959 1183 4027 ἀληθείας

64 4073 129 4109 παν
143 4051 273 4122 φιίοις,
292 4051 407 4121 ἔμφρων
422 4070 453 4107 πε
470 4053 608 4120 δημιουρ·
706 4052 951 4120 προβαλλομένων.
983 4041 1002 4116 ἡ
1034 4040 1182 4106 ἀπόδειξις

63 4141 187 4210 maiora
222 4137 274 4195 tat
314 4135 387 4204 προ“ς
423 4134 611 4208 ἀπεικόνιομα
644 4135 697 4207 τήν
715 4133 824 4206 ἀπλανῆ
902 4136 1013 4199 πίστιν,
1031 4122 1110 4199 ἥτις
1128 4119 1182 4180 οὔκ

115 4232 197 4302 corp.
218 4230 305 4302 Apott
330 4230 463 4286 tottii.
934 4228 975 4293 16
