2708 4666
295 192 558 258 snermearro
579 195 659 258 ene
680 178 941 261 ounrsrrnur‘s.
1101 153 1162 264 nse

62 356 246 428 reddituros
261 383 320 429 nee
333 366 468 429 loturam
486 369 746 431 resurrectionem
772 386 844 431 esse
865 374 993 449 putant,
1021 371 1078 432 sed
1094 388 1161 433 eum

57 493 198 556 eorpore
220 477 350 538 animam
373 478 503 539 interire
525 480 558 539 et
574 479 798 554 quodammodo
816 480 973 558 exstingui
987 481 1162 560 opinantur,

58 603 118 648 eos
132 586 303 655 verisimile
319 589 369 648 est
393 588 471 648 nnlli
490 562 623 650 facinori
648 591 894 667 temperaturos;
917 590 969 666 qni
984 607 1061 652 vero
1082 591 1160 652 ninii

59 697 185 758 omuino
207 697 291 775 apud
312 697 402 758 deum
427 698 559 757 examini
582 698 772 760 subtractum
797 699 853 777 iri,
885 715 923 758 ae
951 715 1065 778 eorpus
1093 718 1160 762 eum

57 808 162 867 anima
180 807 267 868 euius
295 807 428 868 motibus
450 824 468 867 a
491 809 614 868 ratione
635 809 746 869 alienis
770 808 1048 886 et'enpiditatibns
1070 810 1161 870 mini·
1279 806 1284 817 '

58 918 177 977 sta-avit
195 918 334 995 punitum
349 917 389 978 iri
401 933 585 994 persuasum
600 916 732 996 liabent,
753 936 809 979 eos
829 935 868 978 ne
884 918 1073 979 levissimum
1089 920 1161 995 qui·

59 1024 132 1087 dem
152 1028 312 1104 peceatum
341 1027 532 1086 admissuros
558 1031 796 1089 consentaneum
823 1032 883 1089 est.
928 1027 962 1089 Si
985 1029 1034 1090 eui
1057 1031 1160 1088 autem
1272 1050 1274 1055 ·

60 1151 168 1196 merae
183 1151 285 1213 nugae
305 1136 466 1213 videntur,
495 1136 702 1214 putrefactum
721 1141 754 1197 et
776 1139 960 1200 dissolutum
975 1140 1008 1198 et
1027 1155 1159 1216 prorsus

59 1246 93 1305 in
115 1245 245 1305 nihilum
264 1245 423 1305 redactum
447 1263 561 1325 eorpus
580 1247 690 1308 iterum
707 1248 904 1324 coalescere,
924 1264 985 1308 non
1000 1264 1076 1308 sane
1092 1263 1160 1330 me·

59 1355 126 1415 rito
147 1354 356 1432 improbitatis
379 1355 552 1432 opinionem
573 1359 705 1435 propter
727 1357 850 1433 eosqui
871 1373 932 1417 non
954 1358 1085 1418 eredunt
1104 1373 1159 1417 re·

61 1464 201 1525 ieramus
217 1464 273 1524 sed
297 1464 466 1540 stultitiae,
489 1466 601 1542 quibas
621 1467 700 1525 enim
720 1465 892 1525 rationibus
916 1481 974 1526 nos
991 1466 1159 1543 decipimus

60 1574 102 1634 iis
123 1574 271 1632 neminem
295 1574 455 1634 laedimus.
501 1574 662 1635 Caeterum
684 1591 743 1633 non
766 1591 822 1633 nos
841 1575 940 1633 solnm
958 1591 1092 1653 corpora
1105 1590 1159 1634 re-

60 1686 242 1744 surrectura
254 1699 401 1760 eensere,
424 1684 481 1743 sed
497 1684 601 1744 multis
623 1685 715 1743 etiam
730 1682 926 1761 philosophis
944 1684 1024 1745 idem
1047 1684 1160 1760 videri,
1215 1685 1217 1691 ’

45 1808 327 1871 supervacaneum
349 1796 399 1853 est
417 1792 704 1871 impraesentiarum
723 1793 957 1870 demonstrare,
978 1811 1017 1854 ne
1038 1809 1160 1872 propo-

61 1903 144 1963 sitae
169 1902 300 1962 orationi
324 1902 444 1962 alienas
471 1903 610 1961 inserere
638 1902 866 1978 disputationes
889 1903 1051 1963 videamur
1062 1894 1078 1981 ,³
1092 1903 1159 1962 sive
1187 1981 1189 1990 Ι

61 2012 103 2073 de
116 2012 156 2071 iis
175 2028 253 2087 qnae
272 2013 374 2071 mente
390 2013 422 2070 et
438 2011 477 2071 de
498 2011 536 2070 iis
551 2026 630 2087 quae
652 2026 745 2070 sensu
765 2012 980 2089 percipiuntur
994 2028 1032 2071 ao
1045 2011 1084 2070 de
1102 2027 1159 2071 eo-
1255 2055 1260 2064 .

61 2138 132 2182 rum
148 2121 385 2197 constitutione,
408 2121 475 2179 sive
496 2119 557 2179 hoo
576 2120 785 2196 disserentes,
807 2121 993 2197 incorporea
1015 2136 1087 2180 esse
1102 2136 1160 2180 an-

62 2231 200 2307 tiquiora
216 2231 399 2308 corporibus
416 2233 449 2290 et
463 2246 500 2289 ea
517 2245 596 2306 quae
610 2246 704 2288 sensu
723 2228 953 2306 percipiuntur,
972 2230 1047 2290 lieet
1062 2231 1161 2308 prima

62 2341 153 2400 nobis
169 2343 347 2417 oeourrant,
370 2342 408 2400 iis
432 2356 510 2417 qnae
534 2340 635 2397 mente
656 2338 870 2415 percipiuntur
885 2355 957 2399 esse
972 2341 1162 2418 posteriora,

63 2451 180 2528 qnippe
203 2467 293 2526 quum
315 2465 355 2509 ex
381 2447 591 2526 incorporeis,
627 2463 683 2525 per
709 2447 893 2507 aemulatam
913 2449 1161 2510 ooniunetionem

63 2559 306 2636 insensibilium,
336 2561 478 2620 constent
498 2570 649 2636 corpora,
676 2559 709 2615 et
738 2557 838 2616 exiis
860 2574 939 2634 qnae
967 2561 1067 2619 mente
1084 2576 1162 2637 per·

64 2672 220 2749 cipiantur
235 2687 273 2730 ea
296 2687 374 2747 quae
394 2685 504 2741 sensu,
532 2665 609 2726 nilnil
632 2666 711 2726 enim
733 2666 881 2743 prohibet
907 2670 1073 2730 seeundum
1095 2669 1163 2748 Py·
1188 2663 1194 2675 '

65 2781 228 2858 thagoram
244 2783 276 2839 et
288 2779 449 2839 Platonem
466 2777 636 2852 quominus,
660 2770 743 2835 laets
762 2792 925 2854 corporum
947 2779 1163 2858 dissolutione,

64 2889 176 2967 quibus
200 2907 240 2949 ex
268 2888 363 2949 rebus
392 2887 490 2965 primo
512 2886 693 2946 coaluerant
717 2901 757 2943 ex
787 2887 895 2946 iisdem
921 2887 1030 2948 eadem
1052 2905 1162 2950 rursus

65 3002 327 3077 coagmententur.
371 2997 433 3057 Sed
447 2995 705 3075 supersedeamus
720 2992 779 3053 hae
794 2993 833 3054 de
849 2997 1080 3057 resurreetione
1094 2996 1161 3056 dis·

64 3110 238 3190 putatione.

64 3310 195 3378 flagitente
218 3307 341 3360 sententia
368 3319 424 3357 ense
450 3301 595 3356 adiicienda.
632 3303 739 3369 νοητῶν
758 3299 793 3356 ον’
807 3300 859 3369 peip
877 3299 977 3359 soluier
996 3304 1046 3372 legi
1068 3303 1161 3358 noluit:

64 3392 184 3463 Repetite
208 3391 301 3457 syllaba
314 3390 404 3443 -τῶν
430 3389 596 3441 effecituta
631 3384 660 3440 ἐκ
686 3384 716 3441 δὲ
743 3388 798 3442 τῶν
815 3390 924 3456 νοητῶν
950 3385 1035 3444 onidis
1051 3384 1162 3454 sotto,

63 3477 148 3529 serila
167 3476 437 3542 praetermitterentur.
467 3474 596 3539 Fortasse,
630 3471 773 3525 Lindnerus
798 3478 879 3526 autem
905 3475 985 3528 deleri
1011 3475 1098 3528 maluit
1122 3475 1162 3528 rel
1192 3465 1196 3474 '

63 3561 89 3614 id
107 3559 175 3629 (μνᾶ
200 3560 318 3612 Mutunus
344 3558 540 3623 commendavit,
569 3561 598 3608 ut
631 3554 662 3611 el
687 3559 727 3610 vel
751 3554 802 3626 γὰρ
833 3561 871 3612 vel
896 3554 986 3613 muln'rl
1014 3555 1049 3615 ed
1066 3557 1119 3629 γὰρ
1136 3562 1163 3614 ln

63 3646 114 3699 sini
135 3645 308 3711 Athenagorae
325 3648 424 3697 constet
441 3644 466 3695 in
485 3642 597 3694 instituta
633 3638 725 3697 ον’δὲν.

64 3730 203 3797 divulsus,
220 3726 369 3795 legendum:
393 3724 596 3791 συνισταμένων
700 3726 741 3779 12.
761 3724 832 3778 κατὰ
847 3722 896 3780 τὸν
911 3730 986 3782 lieo.
1002 3725 1086 3783 κᾶν
1099 3729 1163 3800 lo]

64 3812 97 3871 ts
120 3811 172 3883 μὲν
189 3814 245 3867 τῶν
261 3810 430 3881 ἀσωμάτων,
457 3806 527 3864 κατὰ
546 3807 597 3877 τήν
632 3813 743 3866 Platonis
768 3812 799 3864 de
826 3813 871 3864 hue
901 3830 928 3867 re
954 3817 1031 3868 verba
1056 3816 1165 3869 suntin

64 3897 256 3965 ἐιισόνθνσιν,
275 3893 500 3963 adsumpsisse,
519 3892 548 3949 ἐκ
567 3891 597 3948 dl
632 3899 752 3965 Timaeo;
781 3899 935 3965 Pythagorae
952 3914 1012 3953 vero
1030 3898 1168 3967 scriptaad

62 3987 124 4042 veie
142 3985 250 4053 νοητῶν
268 3984 324 4035 τῶν
341 3982 493 4052 αἰσθητῶν.
525 3980 598 4034 llio·
635 3997 683 4036 nos
702 3997 752 4034 non
770 3989 950 4052 pervenerunt,
967 4001 1045 4053 quare
1064 3986 1093 4037 ab
1114 3984 1170 4038 aliis

62 4087 123 4127 rum
148 4071 343 4125 coniectationes
368 4068 485 4139 reprobo.
518 4065 599 4120 Niml-
636 4069 690 4122 eius
706 4071 871 4123 sectatoribus
883 4070 1064 4139 petendssunt
1082 4067 1170 4138 doffr.

62 4171 124 4214 unt
143 4153 274 4210 (iesnerns
296 4167 343 4222 pro
361 4152 427 4221 vulg.
444 4149 475 4208 ta
492 4148 523 4207 el
543 4151 600 4206 νῦν
639 4153 745 4208 Petrus.
