2708 4666
343 192 604 258 serenianum
627 194 706 258 Pho
728 195 990 262 GillilS'l'lANlS.
1157 197 1218 264 17³

117 367 371 447 superiuiicieus‚
399 367 444 428 ita
466 368 558 429 nohis
579 368 759 447 cupiditatis
779 370 888 431 modus
904 372 1083 449 procreatio
1098 371 1220 434 libero-

117 497 196 540 rum.
239 479 355 540 hlultos
381 482 484 539 autem
504 479 588 556 apud
610 495 669 539 uos
692 480 854 558 reperias,
876 483 939 540 tuna
962 483 1135 544 virectum
1151 501 1221 544 mu·

118 590 234 666 lieres,
257 589 308 665 qui
322 588 461 648 caelibes
475 595 701 649 consenescant
717 589 799 665 quod
822 594 951 667 sperent
967 592 1084 652 aretine
1102 608 1138 652 se
1152 610 1219 654 cuna

119 701 181 761 deo
194 700 387 759 coniunctum
399 699 448 757 iri.
469 698 586 767 Quodsi
598 701 629 758 in
645 699 826 776 virginitate
838 702 870 758 et
882 700 912 758 in
928 702 1103 778 spadonatu
1113 720 1219 764 mane·

118 827 155 871 re
171 809 270 887 magis
285 810 345 869 deo
361 808 527 885 coniungit,
556 826 591 868 se
612 809 688 869 dare
705 824 783 869 vero
799 810 981 887 cogitationi
1003 815 1036 871 et
1055 814 1220 890 cupiditati

120 920 177 996 [ah
191 919 262 992 illo]
279 918 421 977 abducit:
441 934 570 994 quorum
591 919 799 996 cogitationes
815 918 968 998 fugimus,
994 938 1100 983 eorum
1118 925 1220 985 actio·

118 1047 176 1090 nea
188 1029 283 1090 multo
300 1029 396 1105 magis
416 1044 609 1090 aversamur.
633 1028 701 1089 Non
717 1030 797 1089 enim
816 1031 1018 1092 meditatione
1046 1049 1220 1095 sermonum

119 1141 177 1201 scd
199 1138 463 1200 demonstratione
486 1143 519 1198 ct
542 1139 706 1217 disciplina
724 1123 878 1201 actionum
899 1158 953 1201 res
974 1146 1102 1203 nostrae
1118 1146 1220 1205 couti-

119 1253 250 1326 nentur‚
273 1253 307 1310 ut
330 1249 461 1324 quisque
484 1248 537 1307 vel
560 1250 662 1325 qualis
685 1254 843 1312 natusest
862 1255 984 1311 maneat
1005 1253 1056 1312 vel
1078 1255 1221 1315 uniciaiu

119 1362 256 1440 nuptiis;
273 1360 428 1420 secundae
444 1359 523 1419 enim
539 1360 684 1421 decorum
700 1360 895 1421 adulterium.
926 1357 1122 1445 Quicumque
1140 1360 1220 1425 euim

122 1467 295 1546 dimiserit,
317 1470 434 1546 iuquit,
448 1487 578 1530 ασοσοσο
590 1488 680 1531 mom
703 1470 735 1532 et
752 1466 850 1532 olium
862 1465 1004 1544 duxerit,
1024 1470 1219 1551 moechatur,

120 1599 223 1660 neque
240 1599 307 1641 eam
324 1577 436 1640 dimitti
458 1580 574 1657 sinens,
591 1580 678 1640 ouius
691 1581 864 1658 virginitati
880 1581 969 1641 tinem
985 1577 1097 1659 aliquis
1117 1586 1220 1665 impo-

119 1695 193 1773 suit,
208 1708 310 1769 ncque
326 1691 457 1751 alteram
472 1690 551 1751 dcci.
574 1688 651 1750 Nam
667 1692 719 1768 qui
737 1707 772 1751 sc
785 1691 853 1769 ipse
869 1691 969 1768 priori
978 1709 1078 1755 uxore
1093 1697 1220 1774 spoliat,

117 2015 198 2067 tuisse
230 2027 280 2065 uon
311 2009 447 2064 alienaret
479 2011 578 2080 quidem
607 2009 653 2063 sed
686 2012 816 2080 tephoram
830 2028 949 2066 accensu
966 2012 1071 2082 quodam
1088 2013 1219 2068 subtiliore

117 2105 203 2152 umen
228 2097 406 2166 suspicaretur.
442 2096 565 2165 Equidem
591 2097 652 2150 eatis
686 2100 713 2149 et
737 2097 837 2165 lougius
861 2099 940 2166 petito
965 2099 1063 2152 adulter
1086 2100 1133 2163 sit,
1161 2101 1220 2169 quia

118 2200 210 2240 musae
242 2199 299 2236 esee
325 2198 376 2235 uon
400 2187 461 2251 puto
486 2186 515 2234 ut
538 2183 562 2234 ln
589 2183 652 2234 hanc
686 2182 812 2248 videlicet,
831 2187 859 2235 ut
876 2183 944 2237 addit
961 2185 1147 2252 Athenagoras,
1166 2185 1219 2239 dis-

117 2271 288 2341 euspieiouem
313 2274 425 2322 vocetur.
461 2268 523 2321 Nam
543 2268 578 2319 1⁰.
596 2283 652 2320 cum
687 2267 754 2321 cedit
770 2267 800 2319 ah
818 2281 846 2318 ea
861 2253 1011 2321 matrimonii
1023 2270 1131 2336 ratione,
1145 2285 1219 2340 qoam

118 2356 276 2424 monogamia
300 2355 406 2406 marimo
429 2358 498 2407 esset
521 2355 547 2405 in
570 2353 653 2420 pretio
686 2353 791 2407 deusah
806 2353 1038 2420 initioiustituerat,
1051 2355 1124 2407 unica
1137 2371 1219 2410 uxore

119 2441 185 2512 apud
212 2440 387 2504 Christianos,
417 2438 542 2492 secundae
568 2444 652 2491 autem
686 2439 783 2493 Ademo
801 2452 930 2493 concesse.
949 2436 1090 2491 Marcone.

119 2529 241 2598 nuptiae,
266 2526 314 2578 etei
331 2539 382 2577 nou
400 2526 500 2577 omnino
520 2527 652 2578 inconces-
755 2524 796 2579 10.
814 2517 866 2584 “Oc
945 2523 1092 2589 μοιχᾶιαι]
1127 2524 1218 2579 ltlattla.

118 2631 172 2679 see,
189 2613 271 2681 aliqua
285 2615 369 2663 tamen
382 2611 517 2677 ignominia
531 2614 652 2666 notumn-
687 2609 729 2677 19,
738 2609 763 2664 9.
789 2608 869 2661 Verba
881 2605 921 2676 μή
936 2604 981 2663 eo
994 2609 1112 2682 ιιοσιιείᾳ
1121 2609 1220 2675 (Lach-

118 2707 172 2768 tur‚
188 2698 295 2764 digamis
313 2712 326 2748 a
344 2711 414 2749 uere
432 2696 605 2748 communione
622 2693 653 2747 etl
687 2712 770 2750 mano.
795 2689 932 2761 παροιιὸς
959 2689 1043 2761 λόγου
1074 2697 1219 2764 πορνείας)

119 2795 220 2855 tempus
237 2783 355 2837 remotis:
376 2781 435 2850 quid
452 2783 540 2834 mirum
558 2782 580 2834 ai
597 2794 652 2832 mu·
687 2783 778 2834 omissa
808 2783 877 2833 sunt.
920 2778 971 2831 l'ro
997 2797 1020 2830 τ.
1045 2796 1104 2846 γοα.
1129 2777 1220 2839 αὐτοῦ

119 2872 259 2941 ασχσωὶσσι
285 2868 459 2935 Athenagoras
477 2870 506 2919 ut
524 2881 653 2919 commune
688 2864 738 2930 (sic
755 2864 828 2917 codd.
847 2866 917 2932 meti)
936 2863 996 2916 editi
1014 2882 1037 2916 τ.
1052 2883 1111 2930 poe.
1130 2862 1221 2923 αὖασῦ

120 2956 321 3012 christianorum
353 2953 494 3005 institutum
525 2966 654 3004 commen·
687 2950 817 3003 seherias.
849 2951 917 3004 Loco
930 2947 1041 3018 γαμήσῃ
1057 2951 1155 3006 hocta
1170 2972 1219 3020 γα-

120 3044 179 3098 date
208 3039 331 3094 Similiter
345 3037 500 3108 Theophilus
514 3037 653 3091 Antioche·
687 3030 777 3101 μήσει.
804 3033 870 3086 Luc.
884 3035 1016 3101 μοιχᾶται
1031 3032 1156 3102 γαμήσας
1171 3033 1218 3091 ἆλ-

120 3147 168 3184 uus
194 3127 224 3179 ad
248 3124 336 3179 hotot.
362 3125 400 3176 lll
427 3123 461 3193 [c.
485 3122 545 3191 151:
577 3120 653 3191 Apud
686 3128 736 3192 λιγο
754 3135 801 3190 pro
818 3115 927 3186 γαμήσῃ
946 3113 972 3172 ἄ.
992 3120 1133 3186 μοιχᾶται.
1167 3140 1171 3148 ’

120 3213 279 3270 christianos
291 3211 449 3277 μσοσγαμία
463 3213 594 3276 τηρεῖται.
619 3207 653 3260 Et
755 3208 798 3261 11.
818 3197 962 3268 σὶπολιὶσιο]
986 3204 1059 3258 Bodl.
1079 3206 1094 3257 1
1112 3200 1219 3262 cincini-

120 3297 247 3357 iliuucius
264 3296 337 3350 Felix
355 3294 383 3364 [l.
397 3293 444 3360 oJ:
463 3293 652 3363 „Cupiditatem
687 3311 753 3348 σειν.
789 3291 842 3344 Pro
866 3280 901 3358 ἧς
924 3285 1026 3343 ἔπασσε
1048 3287 1121 3343 Bodi.
1145 3292 1169 3344 1.
1192 3292 1219 3346 2.

119 3381 269 3458 procreandi
283 3385 327 3433 aut
342 3396 415 3433 anem
430 3380 525 3432 scimus
538 3383 581 3432 aut
594 3378 652 3432 nol·
686 3367 776 3447 helei
791 3372 896 3429 ἔπαισα.
920 3374 968 3427 list
981 3370 1125 3443 ἐσιγαμεῖι
1138 3392 1219 3432 uxore

120 3471 197 3527 lm.“
227 3467 264 3521 2⁰.
282 3465 430 3533 dictephora
444 3478 494 3518 non
507 3469 593 3517 carent
606 3465 652 3518 hae
686 3469 774 3518 eontra
791 3463 829 3514 ias
847 3460 947 3513 dimissa
971 3460 1010 3513 vel
1030 3467 1089 3529 post
1112 3466 1219 3518 mortem

120 3571 195 3612 voees
220 3552 337 3607 comitas
363 3555 404 3603 eat
429 3551 542 3604 eccum
577 3549 655 3604 Lenit
687 3550 742 3603 eiua
766 3548 838 3600 eliam
864 3546 964 3598 ducere.
1000 3545 1121 3600 lihesler:
1147 3549 1220 3614 „liet

120 3645 185 3698 euim
206 3637 362 3710 asperiorem
380 3636 580 3688 criminationem
595 3634 653 3689 dum
687 3636 773 3700 Mena,
791 3633 869 3685 meint
882 3629 1069 3696 Athenagoras,
1085 3632 1165 3686 bleiht
1178 3634 1220 3686 ein

120 3728 244 3784 monitum
271 3728 343 3776 vocat
367 3722 529 3776 adulterium:
559 3737 587 3775 ac
610 3737 654 3774 ee·
687 3718 867 3782 Ehehreehar,
893 3729 967 3781 uena
991 3729 1020 3767 er
1044 3717 1099 3769 sich
1126 3717 1221 3771 wieder

121 3811 215 3867 cuades
230 3809 330 3877 nuptias
346 3807 414 3860 nialla
431 3806 487 3872 lege
506 3806 653 3860 interdictas
688 3802 874 3864 verheirathet,
907 3799 963 3852 weil
989 3815 1038 3854 nur
1062 3803 1116 3855 eiu
1143 3803 1220 3855 Maon

119 3900 228 3958 latetur,
256 3892 378 3962 siquidem
406 3897 466 3946 tuac
493 3891 651 3943 manifestum
687 3885 738 3940 und
756 3886 808 3939 eiu
825 3885 897 3939 Weib
915 3886 986 3939 scien
1003 3884 1066 3938 dh.
1086 3887 1220 3939 einhieun

119 3985 189 4035 esset
206 3978 304 4032 vitium.
332 3978 404 4030 lianc
422 3976 500 4043 igitur
513 3976 563 4028 vim
578 3975 654 4027 habet
686 3985 734 4023 nur
752 3970 807 4023 eiu
825 3970 897 4023 Weib
913 3969 1006 4037 jemals
1023 3969 1105 4023 haben
1122 3968 1199 4022 soll.⁸‘

118 4067 239 4124 (lectrum
262 4061 324 4117 thud
348 4065 375 4114 et
398 4059 522 4113 occultum
554 4058 653 4112 adulte·
754 4054 798 4108 12.
821 4052 983 4126 σὶσισστσσῶο
1000 4050 1022 4110 ἑ.
1041 4073 1066 4107 r.
1084 4070 1130 4121 xp.
1147 4055 1219 4120 pue]

117 4156 183 4209 rium
201 4156 231 4207 ut
248 4149 361 4219 diarum
379 4160 426 4217 per
444 4143 573 4215 quamdam
599 4157 653 4197 me·
688 4158 720 4190 =
739 4133 874 4198 ductim
890 4137 943 4211 erio
959 4136 1101 4208 προτέραν
1123 4139 1220 4206 γοναῖ-
