2708 4666
465 220 617 285 onemo
641 221 700 284 Ab
721 219 917 287 GRAECOS.
1196 226 1241 294 20

121 394 215 455 uobis
237 409 302 454 non
324 392 428 454 Minos
457 409 517 455 neo
542 392 799 457 Rhadamanthus
826 390 960 477 iaciunt,
1005 416 1136 477 quornm
1163 403 1239 463 aute

122 504 245 565 obitum
271 502 360 563 nulla
382 505 417 564 ut
440 501 624 564 fabulantur
644 504 748 564 anima
774 506 991 584 iudioabatur;
1034 510 1096 571 sed
1116 509 1238 572 arbiter

120 616 173 675 est
195 612 267 691 ipse
292 615 420 674 ereator
442 611 531 673 deus.
582 612 716 674 Etiamsi
737 615 818 675 euim
842 615 935 676 vobis
957 618 1080 680 omniuo
1102 621 1239 696 nugato-

120 740 175 784 res
198 725 233 783 et
254 722 440 783 blaterones
461 723 642 800 videamur,
661 725 754 802 parvi
778 725 961 804 pendimus,
985 744 1079 804 quum
1100 726 1162 788 bae
1182 744 1238 789 rn-

121 835 209 894 tione
230 832 361 894 adduoti
378 832 613 894 erediderimus.
657 833 919 903 Quemadmodum
940 837 1038 915 enim,
1064 855 1158 914 quum
1176 854 1239 899 uon

120 960 227 1005 esse·
251 945 418 1020 autequam
438 958 598 1021 nasoerer,
618 943 801 1020 ignorabam
825 946 895 1021 quis
918 963 1039 1025 essem,
1061 964 1100 1007 ao
1119 949 1238 1009 tantum

120 1054 151 1114 iu
173 1053 353 1114 substantia
373 1068 509 1113 osrneae
529 1053 680 1113 materiae
705 1054 915 1132 assistebam,
949 1059 1043 1117 natos
1059 1058 1165 1117 autem
1185 1057 1238 1134 qui

120 1163 197 1224 elim
218 1178 285 1223 unu
308 1178 396 1222 eram
415 1177 456 1222 er
478 1162 645 1222 nativitate
663 1165 850 1225 eonseeotns
870 1181 943 1226 sum·
956 1166 994 1227 nt
1015 1182 1065 1226 me
1078 1167 1237 1228 exsistm

119 1290 184 1334 uon
201 1255 360 1335 dubitem:
391 1273 502 1332 eodem
534 1273 627 1334 modo
656 1254 760 1350 name,
794 1276 828 1334 et
851 1291 912 1351 per
928 1278 1071 1337 mortem
1101 1293 1174 1336 esse
1199 1293 1238 1341 ee

120 1384 226 1445 videri
248 1381 408 1460 desinens,
429 1382 532 1443 denno
550 1383 712 1460 exsistam,
736 1382 819 1443 siout
838 1399 931 1459 quum
954 1385 1029 1445 olim
1048 1401 1112 1445 nou
1133 1403 1236 1447 essen

119 1493 237 1571 postes
273 1493 399 1570 genitus
428 1508 507 1553 som.
572 1489 704 1553 Etiamsi
739 1508 809 1553 mea
846 1505 922 1552 earo
953 1493 1027 1570 igne
1056 1499 1237 1572 evanesoat,

119 1602 267 1663 diffusam
295 1602 397 1663 instar
422 1602 554 1680 vaporis
582 1602 746 1663 materiam
773 1602 905 1663 muudus
939 1602 1083 1681 exeepit5
1112 1599 1237 1664 etiamsi

119 1713 151 1772 in
179 1713 371 1790 duninibus,
399 1712 523 1773 etiamsi
550 1712 583 1771 in
604 1712 685 1773 mari
707 1712 864 1790 absumar,
888 1708 1012 1772 etiamsi
1033 1728 1054 1773 a
1077 1711 1158 1774 ieris
1184 1714 1236 1778 di·

118 1824 242 1901 lanier,
262 1822 422 1883 thesauris
445 1821 602 1884 reooudor
625 1821 735 1883 divitis
754 1820 880 1881 domini.
937 1820 987 1882 Ao
1015 1821 1141 1901 inopem
1162 1822 1235 1901 qui·

119 1934 191 1994 dem
223 1934 257 1994 et
291 1932 418 1993 etheum
451 1933 554 1995 latent
580 1947 661 2010 quae
690 1931 855 1994 reeoudita
885 1932 979 1992 sunt:
1024 1932 1104 1994 deus
1130 1936 1234 1994 autem

119 2173 171 2222 bum
182 2172 225 2222 est
238 2168 266 2222 in
281 2167 383 2222 bomine
395 2169 499 2222 virente
512 2183 568 2223 eam
581 2182 658 2239 prse-
694 2181 723 2221 es
739 2165 808 2236 quod
825 2180 954 2236 nonquam
976 2167 1048 2220 inisti
1071 2166 1234 2235 aliquando.“

119 2258 219 2307 sentem
248 2254 342 2308 babere
373 2258 466 2311 seium.
514 2257 568 2309 cur
591 2257 659 2311 euim
695 2254 736 2308 ci.
755 2253 872 2306 Semisch
895 2251 988 2306 Josiin
1008 2253 1033 2306 d.
1051 2253 1134 2306 More.
1152 2253 1182 2306 P.
1199 2254 1234 2307 li.

119 2339 186 2410 quod
211 2339 292 2393 semel
316 2340 407 2393 ieetom
437 2345 485 2410 est,
514 2340 658 2396 conditione
693 2355 720 2409 p.
740 2336 802 2391 1³9.

119 2427 195 2480 simili
210 2430 340 2494 manente
365 2441 416 2479 nou
438 2429 534 2481 iterum
558 2441 658 2499 quoque
762 2421 787 2477 6.
806 2419 908 2492 πάλαι]
935 2424 1005 2490 Aet,
1022 2410 1089 2477 i'er.
1112 2422 1139 2493 2,
1164 2424 1233 2479 Fris.

120 2509 182 2564 batt
217 2510 298 2582 Atqui
313 2511 403 2565 similis
418 2517 458 2566 est
472 2511 583 2566 conditio
600 2529 659 2567 eor·
693 2503 787 2562 πάλιν.
821 2509 861 2562 ite
887 2509 962 2562 etiem
987 2508 1100 2564 Gesner.
1127 2512 1155 2564 ei
1177 2510 1233 2564 lie-

119 2598 188 2666 poris
215 2597 332 2666 corrupti
369 2601 395 2650 et
425 2595 536 2651 noudum
570 2599 659 2666 geniti.
693 2595 777 2649 rold.:
805 2608 913 2664 quorum
931 2593 975 2648 ille
992 2610 1081 2649 serem
1098 2596 1234 2650 lectionem

122 2684 267 2738 Gamerae.
278 2711 313 2722 -
332 2682 513 2737 Tertulliani.
529 2699 566 2736 o:
585 2683 659 2753 „Sed
694 2681 838 2734 mnieetum
858 2685 990 2734 essecutus
1012 2684 1061 2734 est.

120 2767 255 2837 monade,
280 2768 380 2838 inquis,
411 2768 534 2822 dissoime
553 2771 659 2824 materis
762 2766 792 2847 7.Ι
816 2757 949 2832 Keissia
963 2764 1024 2835 ete]
1042 2768 1100 2820 Hoc
1118 2767 1235 2838 respexit

121 2854 237 2907 exbiberi
253 2853 358 2922 petesti
399 2849 540 2909 coonderr
565 2859 658 2910 temet·
693 2850 872 2921 Athenagoras
902 2852 941 2905 De
971 2856 1112 2906 resurrect
1144 2868 1167 2906 e.
1197 2850 1232 2906 8:

120 2940 210 3007 ipsum,
236 2953 252 2992 ο
270 2939 354 3007 bomo,
383 2944 411 2993 et
434 2938 512 2993 fidem
528 2942 569 2995 rei
586 2942 658 2995 iure·
691 2928 829 2992 'Erebeae
846 2937 1002 3006 ιοοοφοιός
1028 2933 1148 2991 ἕκαστον
1165 2933 1233 2992 os-

119 3025 182 3078 sies.
220 3023 416 3094 Recogitaqoid
430 3025 510 3079 tueris
523 3030 658 3094 antequem
693 3037 767 3094 erp,
815 3017 870 3079 seis
904 3022 974 3090 met
1004 3023 1134 3092 ποναθῇ,
1179 3014 1233 3075 ads

120 3111 309 3179 munique
322 3111 401 3174 mbil3
415 3112 575 3164 meminisses
590 3112 657 3165 enim
692 3094 780 3164 idere
812 3111 978 3179 κατασκοπῇ,
1012 3099 1067 3160 κᾶν
1089 3102 1147 3161 siud
1179 3108 1233 3174 θη-

119 3195 220 3267 siquid
236 3197 339 3250 mum.
374 3196 425 3262 Qui
442 3212 504 3264 ergo
520 3198 655 3252 mbilioe-
691 3195 762 3260 ptos
791 3187 811 3263 ἢ
840 3194 899 3248 reis
930 3188 1119 3259 ἐπιτυχόντων
1154 3186 1234 3256 ζόη

118 3297 157 3335 ras
184 3282 336 3352 priusquam
366 3296 454 3349 esses,
503 3282 570 3336 idem
594 3283 658 3338 nihil
692 3280 931 3351 καταδαπονηθῇ,
957 3271 1011 3332 κᾶν
1040 3278 1096 3331 sori
1125 3274 1234 3343 edesse

119 3369 198 3421 betas
220 3382 299 3437 quom
318 3381 377 3420 esse
397 3366 515 3436 desieris,
538 3384 584 3423 cnr
604 3385 657 3424 uon
693 3362 823 3434 σώματος
840 3361 959 3420 ἐκκοπὴν
976 3363 1160 3434 προδιαλοθῇ
1174 3365 1234 3421 eds

118 3455 200 3522 pessis
219 3466 278 3506 esse
295 3467 387 3507 rursus
404 3453 436 3506 de
449 3453 528 3507 mbiio
543 3455 657 3508 eiusdem
692 3446 783 3506 ἄλλον
799 3449 901 3520 piene.
945 3451 984 3504 ci.
1009 3448 1101 3505 beniel
1126 3451 1232 3505 Totos.

118 3539 197 3609 ipsius
220 3538 332 3591 enebris
357 3538 489 3593 voluntate
506 3541 592 3609 quite
609 3556 656 3594 ro·
693 3539 718 3591 d.
736 3537 814 3606 Apol.
832 3551 858 3606 p.
875 3534 935 3590 24³.
953 3563 988 3575 -
1022 3535 1076 3592 Pro
1100 3536 1173 3603 poe
1198 3531 1231 3591 sd

120 3622 163 3677 irie
180 3621 294 3678 essedo
316 3622 417 3677 uibrioi
452 3624 518 3690 Quid
536 3625 595 3679 novi
610 3626 656 3679 tibi
692 3622 809 3690 nepetae
834 3623 908 3689 (Per.
933 3620 949 3675 1
974 3626 1001 3675 et
1016 3621 1090 3689 Aet)
1108 3621 1234 3690 praebent

119 3709 239 3764 evenieti
267 3708 318 3776 Qui
341 3722 395 3763 nou
421 3724 488 3778 eres,
512 3711 595 3764 ineius
613 3727 657 3782 es;
693 3707 805 3764 editores
836 3709 957 3778 (excepto
984 3706 1105 3776 Mersus)
1135 3707 1233 3775 puriter

119 3810 192 3863 quum
210 3796 306 3849 iterum
324 3808 375 3847 uon
394 3794 455 3862 eris,
476 3793 532 3849 bes.
568 3796 657 3851 Redde
692 3799 768 3865 etque
785 3796 845 3849 l'er.
863 3793 930 3849 bet.
943 3793 1012 3847 Fris.
1030 3793 1102 3847 usis
1117 3789 1149 3845 sd
1164 3807 1233 3861 eeq-

119 3882 234 3951 sipotes
252 3881 377 3933 rationem
395 3894 444 3949 qne
461 3881 542 3934 fadus
558 3896 604 3948 es,
633 3885 659 3936 et
692 3880 764 3934 etos.
798 3881 860 3934 dios
878 3878 938 3934 Aet.
961 3882 989 3932 et
1012 3877 1080 3930 Fris.
1103 3891 1156 3931 nen
1182 3873 1232 3933 sd·

119 3970 175 4020 tune
202 3967 310 4035 require
334 3979 383 4034 qun
408 3963 465 4019 fier.
509 3964 547 4019 Et
573 3969 659 4019 umen
693 3982 763 4033 ομος
778 3964 824 4019 sed
837 3964 958 4018 mendose
966 3961 1076 4030 κόσμου
1092 3963 1142 4031 (sie
1157 3961 1232 4016 etiem

120 4051 214 4106 titilius
235 4052 326 4120 utique
349 4038 398 4103 dee
424 4049 491 4119 quod
515 4050 585 4104 iuisti
611 4051 658 4105 sii·
693 4049 815 4119 Gesner,
833 4051 878 4119 qui
896 4049 1032 4117 geunnen
1052 4047 1187 4100 iesdouem
1204 4046 1232 4098 in

122 4136 389 4206 mandemusque
401 4148 453 4190 usn
465 4133 658 4191 diidedeieetus
692 4151 773 4206 ποτε.
797 4134 908 4200 unierit,
930 4139 957 4188 et
980 4130 1101 4200 iiereid.)
1127 4129 1230 4185 babent
