2708 4666
292 192 557 261 fflffldssffll)
577 192 659 257 tto
681 192 943 265 misitania.
1128 198 1170 271 13
1227 244 1235 252 ,

88 386 112 433 a·
130 373 165 433 st
191 384 252 448 par
275 385 311 431 sa
333 369 389 430 aut
408 367 522 428 bouum
552 368 607 428 aut
636 362 748 428 malum
770 372 934 446 comatur,
948 371 1022 432 aad
1037 345 1172 452 proptor
1276 432 1280 439 .

88 480 226 542 abiaotas
256 479 323 539 illis
349 472 448 537 bonas
462 537 465 541 ,
477 479 532 537 ant
553 476 653 538 malas
674 477 814 537 actionas
834 477 916 537 bona
937 480 993 540 ast
1016 483 1098 543 mala
1119 484 1172 544 vi·

88 591 190 649 satum
233 587 313 647 Vos·
327 588 429 646 autom
460 584 541 645 baso
569 584 687 645 clarius
708 584 1043 666 perspicitis‚‘utpots
1064 591 1172 669 pbilo-
1261 624 1265 631 ·

88 697 179 777 opbia
206 700 240 757 ct
266 695 444 756 eruditione
477 694 559 754 omni
592 688 720 754 imbuti'
754 696 930 771 Propterea
958 699 991 756 ct
1014 699 1067 773 qul
1088 702 1173 778 apud
1222 672 1226 681 ,

88 823 126 868 os
157 807 350 873 iudicantur,
379 802 502 864 etiamsi
533 804 573 863 do
592 804 743 863 maximis
772 805 951 865 criminibus
977 812 1173 888 accusantur,

88 930 152 976 sao
184 916 256 974 sunt
286 915 407 991 animo,
436 929 528 988 quum
552 911 688 972 futurum
717 913 817 971 sciant
840 916 874 972 ut
895 914 925 973 in
948 931 1055 977 corum
1076 918 1173 979 vitam

88 1024 250 1101 iquitatis,
290 1039 327 1083 ao
358 1039 459 1098 noque
489 1021 664 1081 nominibus
697 1023 898 1099 moveamini,
924 1024 952 1082 si
969 1024 1072 1085 inania
1100 1027 1174 1104 sint,

88 1149 168 1211 sque
198 1133 427 1192 accusationum
458 1129 654 1206 criminibus,
683 1130 711 1188 al
742 1129 825 1189 salsa
855 1130 987 1193 luerint:
1016 1136 1175 1211 aequabili

88 1241 174 1302 sdicii
204 1240 315 1300 ordino
338 1241 533 1299 damnantem
556 1239 742 1297 santontiam
766 1242 799 1298 et
828 1240 1044 1302 absolvantam
1073 1260 1175 1323 cxpe-

88 1351 200 1412 iastur.
245 1349 333 1418 Quod
355 1347 451 1425 igitur
475 1347 641 1423 aequabile
669 1350 721 1405 est
744 1348 876 1409 omnium
899 1350 948 1409 ias
969 1367 1028 1411 nos
1050 1370 1175 1438 quoquo

88 1458 280 1534 modulamus,
303 1460 337 1518 ut
357 1472 551 1533 naquaquam
575 1457 649 1515 odio
674 1454 844 1515 habeamur
867 1460 901 1517 ct
923 1461 1085 1534 puniamur
1102 1465 1176 1540 quia

88 1568 200 1628 isinum
229 1565 399 1625 Christiani
427 1565 515 1640 (quid
543 1565 624 1625 anim
654 1565 745 1624 nobis
775 1565 837 1625 ltoo
862 1582 972 1627 nomen
1000 1571 1041 1631 ad
1063 1573 1176 1648 acqui·
1297 1580 1299 1587 '

88 1679 142 1736 'un
164 1674 339 1749 consorti),
361 1675 419 1733 sod
441 1675 612 1734 iudicamur
634 1675 674 1733 da
694 1690 886 1749 quocumque
910 1677 980 1750 quis
1002 1681 1176 1757 vocaverit,

88 1801 105 1846 c
123 1784 182 1843 sol
204 1783 406 1843 absolvamur
420 1782 567 1843 salutatis
586 1782 838 1843 accusationibus
855 1785 906 1843 val
922 1786 1086 1862 puniamur
1099 1804 1178 1849 oon·

88 1895 153 1955 icta
168 1891 386 1970 improbitate:
410 1907 471 1951 uon
489 1903 620 1969 proptor
631 1908 741 1952 nomon
758 1892 875 1966 (nullus
891 1891 970 1954 enim
979 1893 1176 1958 christianus

88 2002 250 2082 sprobus,
278 2000 339 2060 nisi
375 2000 547 2060 doctrinam
576 1999 658 2060 bano
689 2001 849 2061 simultato
874 2004 1091 2081 profiteatur),
1118 2007 1177 2067 scd

88 2115 204 2191 sopior
230 2110 356 2170 crimen.
391 2108 444 2168 Sic
458 2109 552 2169 otiam
576 2111 615 2168 do
638 2108 837 2187 pbilosophis
859 2112 1005 2172 iudicium
1026 2112 1107 2172 torri
1130 2115 1176 2174 vi·
1286 2136 1294 2155 ‚

88 2238 189 2283 smus.
217 2218 316 2279 Nomo
331 2234 438 2277 corum
455 2220 527 2277 anta
540 2215 684 2278 iudicium
707 2219 858 2280 scientias
879 2221 1031 2282 astartis
1054 2225 1179 2285 nomina

88 2345 168 2392 onus
183 2331 240 2390 aut
254 2327 353 2387 malua
370 2326 463 2386 iudici
478 2343 551 2385 osso
571 2330 709 2403 putatur,
731 2328 787 2386 sod
809 2328 861 2404 qui
877 2329 1037 2406 improbus
1053 2330 1178 2408 quidam

88 2601 148 2672 ἄξει
167 2605 243 2669 ast,
261 2602 289 2655 b.
308 2616 332 2653 a.
351 2616 435 2670 ocorso
455 2603 546 2654 ocimo
563 2616 608 2652 ec·
643 2598 706 2653 daos
731 2599 879 2668 irritabant,
905 2617 952 2655 nac
976 2606 1061 2657 bonan
1085 2604 1180 2659 idcirco

88 2693 199 2758 must.
226 2686 279 2740 Ssd
295 2687 352 2739 huic
367 2685 516 2739 amandandi
536 2685 609 2738 modo
644 2685 710 2740 mala
752 2686 887 2741 audiebant
923 2692 967 2740 aut
1001 2688 1180 2756 puniebantur.

88 2777 197 2845 opugnat
219 2770 254 2826 ad
279 2766 352 2837 πρὸς
378 2764 507 2832 ἅπαντας
537 2772 609 2834 loon,
644 2769 816 2825 Tertullianus
833 2771 850 2824 l.
870 2788 892 2826 c.
913 2788 936 2826 c.
953 2768 1003 2825 tt:
1027 2772 1100 2839 „dur
1118 2789 1181 2842 arao

88 2859 139 2927 aad
155 2857 243 2913 atatim
262 2861 425 2911 memoratur.
468 2857 609 2909 Sensus:
645 2855 735 2922 qulbus
770 2871 944 2925 comparamur
978 2855 1010 2909 ds
1040 2857 1181 2928 disciplina,

88 2945 120 2998 iai
143 2945 225 2998 rastri
249 2944 290 2995 ius
314 2942 445 3010 acquabila
471 2943 609 3010 cxpcdan-
645 2939 752 3006 proinde
770 2940 821 2993 illis
838 2955 890 2993 non
916 2941 1084 3009 obsequimur
1099 2941 1130 2994 ad
1148 2944 1181 2996 li·

88 3044 131 3097 ar,
149 3030 206 3082 sisa
225 3025 359 3081 damnandi
377 3027 431 3080 aira
450 3026 610 3094 absolvendi3
646 3025 753 3076 cantiam
772 3025 996 3093 impunitatemque
1014 3024 1180 3092 disciplioaai

88 3128 136 3182 rqa
155 3117 267 3166 saslram
286 3111 350 3164 banc
369 3112 395 3164 in
411 3124 500 3164 amnas
517 3126 612 3180 acqua·
649 3108 899 3162 triturabunt
923 3124 999 3177 naras
1024 3111 1106 3162 nostri
1129 3124 1181 3164 non

88 3198 199 3254 dimum
216 3211 264 3251 noa
282 3212 383 3266 quoquc
402 3196 567 3265 postulamus.
646 3198 771 3260 amantur
789 3193 821 3247 ad
838 3193 936 3258 cilicia,
968 3209 1032 3262 quas
1057 3208 1105 3248 aas
1130 3210 1182 3249 aon

141 3283 186 3338 11.
204 3279 272 3349 yolo]
293 3282 362 3335 biom
381 3282 473 3334 omisit
492 3308 527 3321 -
546 3282 608 3335 Tar·
646 3278 770 3331 obeuntes
798 3277 991 3343 nenatttanart
1026 3279 1089 3345 Quis
1113 3281 1181 3335 anim

88 3367 130 3423 all.
147 3367 226 3436 Apol.
242 3383 266 3420 c.
282 3366 313 3420 ³:
332 3367 382 3431 „Si
400 3367 511 3419 nominis
528 3366 612 3419 odium
646 3363 821 3431 ntttosaotran
845 3360 990 3417 sacrificare
1008 3368 1051 3417 aut
1065 3365 1183 3421 daicrara

88 3457 122 3522 1,
142 3454 202 3522 qula
220 3448 331 3505 mmlnla
349 3451 475 3504 raatust“
647 3450 691 3500 aut
714 3446 833 3501 lucernas
858 3446 963 3501 maridis
981 3463 1062 3504 ,rasas
1086 3453 1183 3518 prostl-

145 3534 188 3591 st.
224 3531 269 3603 ta*
302 3529 387 3599 dtas]
424 3536 541 3589 ltuaaaus
569 3530 613 3602 ἐφ’
647 3535 722 3585 tuarc
744 3531 889 3599 compalliil
925 3532 992 3598 Quin
1010 3534 1061 3586 ima
1078 3538 1106 3588 cl
1121 3535 1183 3589 daos

88 3614 160 3677 'susa
198 3624 264 3687 Arg.
283 3615 328 3686 ἐφ’
345 3613 405 3674 ὅτι
425 3620 505 3687 ¹(sic).
539 3620 626 3675 liudis
650 3623 749 3670 rcstroa
766 3618 847 3685 palam
866 3616 1002 3670 dastruunt
1016 3621 1043 3671 ai
1056 3620 1184 3687 saporati-

90 3706 144 3762 .2
162 3707 224 3762 Ast.
244 3701 289 3773 ἐφ’
307 3699 383 3760 o'a'cas.
649 3702 733 3756 dossa
757 3705 855 3755 rostras
879 3703 1065 3756 commaatariia
1082 3718 1184 3773 quoquo

142 3790 187 3845 17.
205 3788 274 3857 γὰρ]
292 3791 363 3844 blon.
381 3790 476 3843 omisit.
649 3790 776 3853 accusant,
794 3786 952 3840 laudantibus
969 3788 1071 3842 robis.“

93 3914 96 3919 -
138 3876 188 3932 18.
208 3868 305 3939 Otito]
323 3875 386 3929 tau.
400 3872 544 3943 ταύτᾳ-
559 3874 615 3928 Hoc
719 3869 761 3924 ab.
779 3865 887 3935 odada]
902 3867 1114 3939 111111αότώ
1126 3872 1184 3928 acl.

88 3965 265 4030 macutum,
283 3974 332 4028 quo
346 3960 427 4012 utitur
437 3959 549 4012 lustinus
563 3957 580 4010 Ι.
591 3972 614 4011 a.
649 3957 710 4009 illos
738 3957 797 4009 Act.
832 3952 955 4023 ἀγαθοῖς
985 3972 1033 4026 pro
1066 3952 1184 4026 ἀγαθός.

88 4044 149 4113 sd,
175 4060 208 4099 so
232 4045 336 4098 maioris
360 4048 401 4096 cst
426 4042 561 4112 ponderis,
586 4047 616 4095 ul
649 4036 1108 4109 transsubstantiatum,
1134 4055 1184 4096 nou

88 4130 195 4184 laaaaus
220 4128 346 4194 advertit„
372 4128 438 4196 quod
467 4126 614 4195 pbilosopbl
650 4120 757 4189 ἄδικος.
1040 4121 1046 4129 “
