2708 4666
341 176 396 240 DE
407 177 738 242 RESURRECTIONE
760 179 1017 244 montuosum.
1154 179 1218 247 267

117 368 138 411 a
161 367 298 428 corpore
319 352 483 432 separate,
512 369 647 432 corpore
669 358 771 417 autem
797 355 866 432 ipso
895 355 926 413 in
948 370 987 414 ca
1002 354 1155 416 dissolute
1179 374 1219 416 ox

117 462 232 538 quibus
256 462 420 522 collectum
444 462 562 544 iuerat,
591 464 731 541 nihilque
760 464 820 527 iam
841 465 997 524 retinente
1019 467 1136 543 prioris
1162 484 1221 528 na·

118 574 211 632 turae
236 572 289 632 vel
315 573 452 649 formae,
488 575 599 636 nedum
627 574 803 634 memoriam
827 592 932 634 rerum
963 574 1157 656 gestarum:
1188 578 1221 638 id

119 683 204 758 qnod
228 687 376 760 superest
394 684 506 758 cuique
523 684 721 761 perspicuum
743 686 809 760 est,
833 685 972 761 [nempe]
995 689 1143 762 oportere
1166 703 1221 746 ss·

118 792 253 852 eundum
284 794 461 870 apostolum
491 790 702 879 corruptibile
728 790 789 854 boc
815 798 849 852 et
878 794 1063 871 dissipabile
1086 791 1223 858 induere

119 897 403 993 incorruptionem,
424 905 471 978 ut,
494 905 660 965 vivificatis
678 921 719 964 ex
733 905 965 964 resurrectione
980 906 1018 964 iis
1040 922 1120 982 quae
1135 923 1221 968 mor·

120 1013 175 1072 tua
191 1019 282 1072 erant
302 1018 335 1074 et
358 1031 468 1074 rursus
489 1015 659 1075 coniunctis
679 1032 758 1091 qnae
780 1019 926 1092 separata
943 1017 996 1074 aut
1012 1016 1105 1076 etiam
1121 1018 1222 1077 omni·

121 1139 162 1182 no
185 1123 339 1185 dissoluta
360 1121 593 1201 erant,n1erito
616 1121 749 1208 queisque
769 1118 894 1208 reseret
915 1143 996 1206 proce
1016 1141 1078 1208 per
1103 1144 1221 1210 corpus

119 1230 239 1314 gessit,
261 1230 328 1297 eice
357 1231 437 1297 bono
459 1232 526 1298 aire
547 1230 642 1296 moto.

209 1378 258 1439 19.
285 1377 385 1457 Igitur
409 1381 562 1440 adversus
585 1396 641 1440 eos
660 1379 712 1457 qui
734 1379 961 1456 providentium
985 1379 1169 1441 confitentur
1190 1384 1223 1441 et

121 1488 232 1548 eadem
256 1505 293 1547 ao
318 1505 375 1548 nos
402 1491 565 1550 admittunt
589 1490 759 1568 principio,
788 1491 901 1550 deinde
925 1490 1064 1567 propriis
1094 1494 1223 1552 senten·

121 1596 175 1656 tiis
195 1598 301 1657 nescio
325 1615 385 1674 qno
407 1602 501 1677 paeto
520 1600 676 1677 excidunt,
698 1595 747 1659 bis
770 1602 875 1659 utatur
894 1599 1007 1675 aliquis
1029 1601 1223 1661 sermonibus

122 1723 159 1766 ao
180 1707 278 1768 multo
302 1709 394 1768 etiam
418 1710 579 1788 pluribus,
600 1712 627 1771 si
651 1710 774 1787 quidem
795 1710 930 1770 dilatare
949 1711 1028 1770 velit
1049 1727 1129 1787 quae
1146 1727 1223 1771 con·

122 1817 187 1877 cise
211 1820 244 1877 et
267 1819 378 1878 cursim
413 1819 494 1879 dicta
524 1823 604 1880 suut.
649 1820 712 1880 Sed
736 1820 890 1880 adversus
919 1836 975 1879 eos
998 1820 1051 1896 qui
1073 1820 1112 1880 de
1133 1821 1224 1900 prin·

123 1927 215 2005 eipiis
239 1927 392 1988 dissident
415 1920 498 1989 torte
532 1930 677 2008 optimum
710 1929 806 1990 tuerit
834 1930 919 1990 alind
945 1930 1015 1990 istis
1037 1931 1222 2009 principium

121 2037 343 2118 praemittere,
367 2041 458 2099 simul
478 2058 543 2100 cum
569 2041 608 2101 iis
636 2040 814 2101 dubitantes
844 2040 884 2099 de
907 2040 1017 2115 quibus
1040 2040 1100 2118 ipsi
1127 2041 1222 2103 rebus
1288 2023 1298 2033 ⁸

123 2147 306 2226 opinantur,
339 2153 371 2209 ot
403 2151 444 2210 ad
472 2150 553 2211 hune
582 2150 703 2210 modum
728 2167 787 2210 uno
814 2152 896 2224 [oum
921 2151 974 2224 iis]
999 2150 1222 2230 disceptantes,

118 2274 193 2318 num
215 2276 347 2335 prorsus
365 2261 396 2321 in
419 2264 603 2340 perpetuum
626 2260 779 2321 bominum
801 2259 866 2319 vita
888 2260 921 2319 et
943 2260 1009 2319 toto
1031 2260 1116 2320 vitae
1139 2262 1224 2322 ratio

120 2367 331 2448 despiciatur,
351 2388 388 2432 ac
405 2371 501 2432 densa
520 2370 671 2448 quaedam
690 2369 792 2447 caligo
817 2369 915 2428 terris
931 2368 1044 2429 diffusa
1060 2371 1111 2450 sit,
1131 2371 1225 2449 igno-

122 2480 246 2539 ratione
262 2483 294 2539 et
319 2458 476 2541 oblivione
500 2481 664 2541 involvens
684 2483 747 2540 tum
768 2479 855 2558 ipsos
878 2477 1017 2539 homines
1038 2482 1102 2539 tum
1115 2497 1223 2543 eornm

121 2591 280 2668 actiones,
300 2601 339 2650 au
354 2591 449 2652 multo
466 2592 563 2652 tutius
578 2591 619 2650 sit
634 2588 812 2649 existimare
829 2588 894 2648 suis
910 2588 1058 2667 operibus
1073 2608 1223 2670 praeesse

123 2703 315 2781 creatorem,
338 2701 469 2761 omnium
498 2716 707 2777 quaecumque
736 2700 807 2760 sunt
829 2702 882 2759 aut
904 2699 980 2760 dunt
1003 2700 1223 2781 inspectorem,

123 2944 241 2997 δαστον·
267 2945 294 2998 εἰ
317 2941 348 2999 δέ
366 2942 422 2998 ἔστι
441 2945 491 3015 τῆς
512 2941 657 3011 &adomni—
692 2961 728 2995 αν
744 2939 794 2996 rio
812 2941 912 3010 diocto
930 2943 1032 2996 τοῦτον
1055 2943 1119 3011 βίον
1138 2939 1224 2998 cioru-

123 3048 175 3098 νης
193 3030 264 3098 ζωῆς
282 3027 353 3097 πρὸς
370 3028 405 3082 τοὶ
418 3027 504 3099 κτήνη
522 3029 656 3098 διαφορά,
690 3025 810 3098 μοιβὴν·
845 3027 917 3082 κοινοὶ
947 3023 998 3081 τᾶν
1021 3025 1155 3095 μέλλοντα
1180 3030 1223 3097 de',

124 3113 238 3178 nonme
254 3117 288 3186 τῇ
301 3109 444 3187 ὖπολλογῇ
457 3116 509 3171 τοῦ
527 3117 592 3187 βίον
609 3116 656 3169 aot
691 3116 717 3169 sl
737 3111 776 3183 μή
800 3113 848 3167 soi
875 3110 907 3167 rui
930 3112 1062 3183 conseptis
1083 3111 1154 3179 πρός
1171 3113 1223 3178 τοὶς

124 3204 160 3272 τῇ
185 3203 244 3256 τοῖν
270 3199 497 3270 ἓμφρονιστέοονν
524 3199 596 3267 πρὸς
621 3198 656 3254 roi
689 3197 804 3267 πράξεις
823 3200 902 3265 σῶμα
916 3201 1139 3268 σνμποοασναίη,
1157 3194 1222 3255 ἄδι-

124 3290 272 3357 ιιριίττονοι
281 3289 461 3356 μεταχειρίσει
479 3283 536 3340 tori
552 3306 594 3347 roe
609 3285 657 3339 not
690 3303 739 3348 νιος
764 3279 780 3339 ὁ
807 3281 851 3352 ἐφ’
869 3282 911 3340 tot
934 3282 1011 3356 μόνον
1029 3283 1080 3353 τήν
1099 3282 1223 3340 durand·
1294 3354 1299 3361 ,

125 3370 233 3443 iperio}
259 3376 316 3427 τῶν
348 3371 578 3441 σπουδαζομένων
603 3369 655 3426 ori-
691 3374 772 3426 δοσιν
793 3369 948 3438 σχεδιάζειν
972 3367 1188 3441 ἐπανῃρημένος.

124 3463 200 3524 τοῖς,
229 3453 248 3527 ἢ
272 3456 344 3514 κατὰ
366 3457 417 3513 τὸν
440 3457 569 3526 πορόντα
593 3459 657 3527 βίον
758 3458 784 3513 4.
813 3455 867 3524 πρὸ
893 3453 1013 3522 τούτων]
1042 3458 1138 3528 Nempe
1166 3461 1224 3515 τοῖν

124 3539 145 3614 ἢ
171 3542 243 3600 κατὰ
273 3544 324 3600 cdo
354 3543 416 3612 [τὸν
440 3544 499 3597 Par.
525 3541 655 3611 iomisit]
690 3540 817 3611 orpoioooo.
853 3541 1172 3609 cartusiensem.

123 3627 278 3698 μέλλοντα,
297 3631 324 3685 sl
335 3626 373 3699 μή
395 3624 498 3697 ὁμοίως
516 3632 575 3690 τοῖς
589 3621 656 3680 ἆλό-
759 3630 782 3683 fa
801 3629 930 3693 τοιαῦτα]
949 3630 1013 3696 Arg.
1031 3630 1127 3682 coito.
1162 3631 1225 3684 Post

125 3734 185 3785 pore
216 3714 266 3770 uei
290 3710 443 3782 ἄνθρωπος
474 3712 658 3783 σνγνατολύι·
692 3711 994 3781 σννδιοισιιοπτομὲνονς
1008 3714 1078 3769 editt.
1089 3721 1147 3769 autc
1158 3718 1223 3772 dier.

125 3822 172 3858 wo
197 3804 238 3874 τῷ
262 3799 380 3872 θανάτῳ
410 3801 457 3855 uui
482 3798 534 3869 τήν
557 3796 657 3868 ψυχήν.
692 3802 797 3856 rotetur
815 3798 929 3868 στιγμήν
948 3804 1076 3857 nutarunt.

124 3885 202 3945 utut
220 3882 294 3943 κατὰ
313 3885 363 3943 τόν
380 3885 509 3955 παρόντα
525 3888 589 3957 βίον
608 3881 658 3953 oriz
761 3886 785 3940 6.
805 3881 947 3954 ὁπωσοῦν]
968 3887 1036 3939 cnr.
1054 3886 1071 3940 2
1089 3879 1222 3941 σ’νιοσοῠν.

124 3974 189 4032 οἷον
206 3994 237 4031 τι
261 3973 312 4044 τήν
335 3975 563 4041 μισθαποδοσίαν
584 3971 658 4042 γενέ·
692 3975 755 4027 ium
791 3971 946 4040 γενομένων
984 3987 1031 4040 pro
1060 3969 1221 4041 γινομένων.

126 4066 207 4130 σθαι,
224 4062 265 4136 τῷ
282 4057 321 4130 μή
335 4055 496 4130 ὑποστέγειν
515 4057 551 4113 roi
564 4059 657 4128 ιιριίσ·
691 4060 803 4128 Utraque
828 4073 874 4112 ron
898 4073 972 4126 saepo
995 4062 1143 4111 commutata
1159 4071 1173 4109 ι
1190 4055 1223 4110 li-

126 4166 196 4205 ιονιι
213 4147 261 4204 soi
275 4144 312 4202 rai
324 4147 421 4216 onita
440 4145 492 4216 rio
509 4142 579 4215 orode
597 4140 657 4211 citt·
691 4146 798 4200 brariia:
816 4161 839 4200 e.
859 4144 900 4200 tb.
922 4160 946 4199 n
962 4141 1004 4197 22.
