2708 4666
291 202 347 304 ns
368 199 700 273 nsscnnncmora
719 204 971 276 acnrccncx.
995 248 999 259 ·
1112 210 1174 279 aaa

153 383 182 442 8.
205 380 247 442 lit
267 383 415 461 prolecto
436 384 530 444 etlam
550 385 739 462 potestatem
767 380 846 464 [dei]
868 386 1043 448 excitandis
1064 388 1105 448 ad
1122 388 1173 449 vi-

59 495 125 553 tam
155 492 343 569 cerporibus
369 509 479 571 parem
505 509 578 554 esse
604 494 721 572 probat
750 494 928 555 earumdem
950 496 1049 577 origo.
1094 497 1171 558 Nam

60 605 89 664 si
103 617 167 664 nen
179 603 337 662 exstantia
352 603 508 664 lrcminnm
523 619 658 682 ccrpcra
675 619 841 680 eorumque
851 605 1005 683 principie
1021 607 1052 666 ln
1069 609 1170 685 prima

61 713 223 775 creatione
245 711 338 794 iecit,
365 714 461 774 etiam
475 713 648 791 dissoluta,
668 713 811 790 quolibet
833 713 866 773 id
882 715 1050 793 contigerit
1068 719 1171 796 mcdc,

61 825 133 902 pari
145 822 299 883 facilitate
316 824 487 883 excitabit:
509 823 632 900 pariter
649 823 730 882 enim
745 825 854 900 potest
876 825 908 884 id
925 840 1058 902 quoqne.
1105 826 1172 889 Nec

63 935 103 995 de
119 934 181 996 isac
195 933 318 993 ratione
334 934 501 1011 quidquam
522 931 716 1009 detrahitur,
738 932 807 992 siva
822 949 862 992 ex
881 935 1012 995 materia
1030 936 1171 997 nonnulli

61 1044 164 1121 prima
187 1043 358 1122 principia,
377 1044 446 1103 sive
464 1059 504 1104 ex
526 1040 691 1102 elementis
711 1044 745 1102 ct
761 1042 924 1120 principiis
948 1043 1080 1105 humana
1096 1063 1171 1106 cor·

62 1170 143 1233 pora
164 1155 369 1233 componant,
392 1152 461 1213 sive
484 1168 524 1212 cx
549 1153 728 1214 seminibus.
774 1147 867 1213 Gaias
896 1154 976 1214 enim
1001 1157 1169 1232 potestatis

63 1267 112 1324 est
134 1266 169 1324 et
189 1260 315 1322 informi
338 1265 372 1322 at
394 1262 457 1340 ipsi
478 1263 658 1323 existimant
679 1263 831 1322 materiae
853 1260 984 1323 formam
1006 1263 1169 1343 affingere,

63 1377 96 1436 et
117 1374 225 1452 specie
247 1387 284 1432 ac
305 1374 418 1433 ornata
439 1375 596 1432 carentem
612 1373 719 1433 multis
740 1372 900 1449 variisque
915 1373 1024 1450 figaris
1046 1390 1171 1455 ornare,

63 1487 96 1544 et
118 1486 229 1562 partes
251 1484 474 1543 clementorum
496 1483 526 1541 in
550 1498 641 1542 unum
665 1498 796 1560 cogere,
828 1485 861 1542 et
883 1498 987 1542 semen
1012 1500 1092 1561 qaae
1116 1502 1172 1546 res

62 1610 124 1655 naa
149 1595 201 1654 est
224 1595 257 1654 st
280 1593 415 1670 simplex
436 1594 467 1651 in
484 1593 579 1652 malta
595 1592 754 1669 dividere,
776 1595 809 1651 et
830 1593 913 1668 qnod
934 1594 1170 1672 incompositam

63 1707 115 1764 est
138 1719 345 1782 componere,
368 1705 400 1762 et
422 1702 504 1778 qnod
525 1703 611 1762 vitae
634 1718 750 1779 expers
772 1705 822 1761 cst
837 1698 904 1762 vitai
919 1703 1052 1764 donare:
1083 1707 1170 1766 eins·

62 1817 134 1875 dem
164 1813 360 1892 [potestatis]
384 1815 434 1872 cst
453 1815 486 1871 et
501 1812 533 1871 id
554 1812 638 1888 quad
660 1813 846 1872 dissolutum
868 1816 919 1872 est
941 1819 1171 1893 coagmentare,

62 1930 96 1986 et
116 1925 202 2002 qaod
226 1925 308 1984 iacet
327 1924 485 1999 excitare,
507 1925 541 1982 et
556 1922 639 1998 qaod
659 1925 879 1984 mortuamest
897 1926 1050 1986 advitam
1073 1941 1172 1986 πονο-

61 2051 156 2112 care,
179 2037 213 2093 et
225 2034 309 2111 qncd
322 2036 501 2111 camaptam
523 2035 573 2092 est
589 2033 629 2092 ad
644 2035 758 2093 statum
776 2035 987 2113 corruptionis
1008 2039 1171 2113 expertem

62 2147 261 2207 convertere.
303 2142 450 2204 llicsdam
470 2143 608 2204 auctoris
635 2144 837 2219 eiusdemque
861 2145 1030 2222 potestatis
1056 2161 1094 2206 ac
1116 2162 1171 2207 sa·

61 2462 209 2534 μισμένητ.
239 2464 303 2518 (tam
321 2463 522 2534 assentacione
540 2466 600 2520 aab·
635 2457 708 2529 ὅπερ
732 2458 817 2517 πόλιν
840 2457 897 2518 dud
916 2464 1023 2534 [Pani
1047 2468 1074 2516 et
1093 2464 1172 2518 lieclr.

61 2552 178 2619 intellige
197 2543 266 2618 όλην
283 2567 316 2605 ex
331 2550 548 2616 antecedentibus,
566 2553 601 2604 ita
635 2544 695 2620 ὑπ’]
715 2543 808 2603 ἄλλων
821 2550 932 2619 θηρίων
944 2547 1108 2618 ἐξηναλόθη
1124 2548 1174 2604 cccl

62 2642 93 2690 ut
126 2638 203 2690 verbe
231 2630 365 2704 ἄμορφον
398 2627 488 2691 οὖσαν
519 2638 602 2690 locum
636 2634 708 2704 τινός
727 2633 861 2692 οόστασιν
880 2638 937 2690 τόν
949 2634 1059 2691 τούτων
1078 2631 1174 2704 σωμά-

62 2723 197 2776 clrtincsnt
213 2723 388 2793 appositionis.
637 2742 694 2776 ταν
710 2721 874 2792 μετέβαλεν,
892 2752 925 2761 -
942 2725 1003 2785 πῶς
1022 2714 1074 2777 οόν
1094 2723 1173 2793 [indt-

132 2808 160 2861 8.
179 2808 229 2878 aqi]
254 2808 334 2861 licest
351 2810 415 2875 Arg.
638 2814 679 2862 cat
696 2801 749 2864 οὖν
766 2809 897 2880 epcdcsin]
923 2807 956 2863 τό
974 2809 1014 2871 εὶς
1031 2806 1175 2864 τοσούτων

133 2893 159 2946 e.
178 2892 389 2962 διαλελυμένον]
421 2894 534 2948 Nanctus
559 2897 601 2948 tt·
636 2889 792 2949 sinderedus
805 2893 1071 2963 κατακερματισθλν
1086 2885 1175 2957 αὖθις

64 2977 207 3047 λτρμόνον
225 2979 297 3045 (sit).
636 2979 680 3049 ἐφ’
699 2979 740 3035 ἑνλ
758 2978 877 3049 σόηαατι,
895 2978 1050 3046 dedecerent
1071 2977 1173 3034 σνοτό-

135 3067 176 3120 1⁰.
195 3065 372 3136 μεταβαλεῖν]
390 3062 601 3135 Ποαμοταβόλ-
636 3083 691 3134 σοι,
735 3064 922 3135 ἐξαναστῆναι
957 3067 1059 3138 [repete
1092 3067 1173 3118 anime
1272 3097 1282 3103 -

64 3156 132 3207 λεια·
169 3152 220 3205 ΡΝ
238 3151 279 3213 tlt
296 3147 464 3219 ἀφθαρσίαν
483 3152 545 3218 Ait·
562 3150 602 3212 tls
636 3149 759 3208 δυνατόν
783 3154 838 3207 scil.
862 3150 934 3207 teat:
954 3151 1047 3205 Pani
1070 3147 1172 3215 ἐξανα-

66 3234 231 3307 decantes.
636 3241 752 3308 στῆσαι,
785 3237 852 3292 ande
886 3239 964 3291 licclr.
993 3232 1173 3304 ἐξαναστήοει
1229 3286 1234 3300 x

133 3325 176 3377 11.
198 3324 259 3377 Τοῦ
279 3318 369 3377 αότοό
387 3318 413 3376 d'
431 3317 466 3375 ἄν
484 3322 527 3391 εἴη
544 3326 601 3375 κτλ.
637 3325 774 3394 οοοίοοίῑ],
805 3321 870 3377 τινὰ
895 3327 957 3385 τοῖς
981 3317 1078 3384 ἄλλοις
1100 3316 1170 3376 inde

64 3424 147 3480 usqam
165 3408 197 3462 rd
214 3407 290 3462 tinem
309 3425 332 3462 ο.
350 3408 379 3478 λ]
398 3408 560 3461 Scholion
576 3409 602 3461 tn
637 3427 736 3465 στασιν
752 3406 907 3464 καταλιπόν
921 3409 993 3478 [Par.
1011 3408 1029 3462 2
1047 3412 1073 3461 et
1090 3408 1172 3463 Decii.

66 3509 147 3563 marg.
182 3495 275 3548 Pani
300 3495 386 3562 (mana
410 3509 477 3547 accc.
504 3495 552 3562 lll)
577 3498 604 3546 ct
637 3491 839 3552 καταλιπόντι
856 3494 931 3548 tidem
947 3508 1006 3547 mcx
1023 3498 1173 3563 γραφεῖσιν

65 3582 96 3635 2:
123 3580 194 3646 licat
220 3581 277 3635 τόν
302 3574 504 3647 ἀπορουμένων
530 3579 604 3634 τισλν
637 3599 685 3655 pre
702 3582 800 3650 τοοφ]
818 3584 878 3642 τοῖς
897 3573 954 3635 iae
972 3575 1082 3634 τοότων
1105 3598 1172 3647 τρα-

65 3662 111 3723 ότι
134 3669 195 3729 τοῖς
222 3665 346 3720 aevaeo
371 3661 527 3732 ἄνθρωπον
545 3661 603 3720 sind
638 3675 747 3738 φιῖσιν;
780 3667 844 3722 ccli.
865 3668 1032 3720 Ps.-lustin.
1057 3670 1173 3736 Quaestt.

65 3748 177 3822 λχθόαν
201 3749 352 3824 βρωθέντα
376 3752 426 3807 nat
451 3752 491 3814 ιλς
509 3746 604 3805 αὐτόν
639 3757 717 3809 (ient.
744 3753 774 3806 ad
804 3753 898 3806 Christ.
922 3752 954 3806 15
975 3751 1069 3822 (Cera.
1088 3754 1175 3823 Apelt.

65 3834 223 3895 όνόστασιν
240 3836 434 3910 μεταβαλόντα
454 3837 502 3892 κοιλ
520 3835 604 3891 πάλιν
638 3843 693 3895 Vol.
712 3841 745 3906 V)
772 3855 798 3909 p.
819 3838 870 3892 3⁴2⁰
893 3843 920 3892 et
938 3838 972 3891 xl
995 3839 1053 3907 (15)
1080 3853 1105 3905 p.
1124 3839 1175 3893 34⁰

65 3929 121 3981 τῶν
138 3923 251 3995 ἰχθύαν
277 3927 313 3994 [τ.
339 3925 397 3992 eze.
420 3926 505 3978 omisit
525 3917 605 3977 Daci.
639 3929 723 3995 ibique
731 3925 856 3978 adnotata.
874 3925 965 3980 serice
974 3925 1063 3991 (tytili.
1072 3926 1175 3978 illatas.

66 4019 153 4068 centra
167 4011 241 4067 ccdd.
260 4011 351 4080 metes]
369 4004 425 4065 rinc*
445 4005 606 4079 ἀνθρώπων
640 4012 743 4066 catech.
769 4010 811 4077 18,
831 4010 941 4078 Grcgcr.
959 4011 1035 4077 Nysa
1052 4011 1090 4064 lic
1117 4010 1177 4078 opii.

64 4090 274 4170 βοωθόντανῆ
287 4095 335 4152 καλ
353 4097 430 4168 [Ιιιοο
446 4111 532 4150 rocem
547 4098 605 4150 Par.
640 4100 707 4152 hcm.
735 4114 758 4150 ο.
778 4095 822 4162 at,
843 4096 978 4164 λοςοολὴι.
1010 4096 1048 4148 lic
1065 4096 1112 4148 cir.
1136 4093 1179 4150 dei

64 4186 123 4242 iet
137 4186 221 4242 iicet.
236 4182 390 4254 emiserant]
406 4177 607 4253 trimetriam,
644 4183 724 4240 illiti.
742 4197 765 4240 c.
782 4181 827 4237 λθ.
846 4181 885 4238 cl.
904 4183 968 4236 inira
986 4196 1008 4234 c.
1022 4179 1046 4235 7.
1066 4178 1143 4234 niti
