2708 4666
387 203 538 267 blumio
561 205 617 265 Ab
638 202 835 267 GRAECOS.
1109 207 1170 273 tlt

53 377 195 437 mrum
218 375 325 435 sutem
344 373 509 435 literarum
531 378 637 438 studia
653 379 905 454 loquacissimum
919 379 1085 441 Thersiten
1102 383 1173 441 imi·

54 487 173 545 untur.
227 483 390 552 Quomodo
421 485 547 545 credam
573 485 691 545 dicenti
718 487 817 546 solem
842 505 915 548 csse
934 506 1067 551 massam
1091 492 1173 568 igni-

54 598 119 653 tam
146 593 317 667 lunamque
348 594 491 653 terramt
544 593 630 654 llaec
659 597 740 655 enim
769 597 939 657 vorborum
967 616 1073 675 pugna
1103 606 1174 660 sunt

54 718 158 779 neque
187 700 335 760 veritatis
362 702 546 763 illustratio.
599 703 664 764 Aut
694 707 851 779 quomodo
882 723 943 766 non
972 709 1103 767 stultum
1125 713 1174 767 cst

54 808 215 869 llerodori
240 810 280 869 de
297 809 443 870 llcrculis
459 811 594 871 bistoria
611 812 703 872 libris
721 814 865 891 credere,
888 818 1007 876 tcrram
1027 818 1175 893 superio·

56 935 118 978 re·
141 918 422 996 praedicantibus,
445 922 479 979 ot
504 921 576 980 inde
597 921 761 997 delapsum
785 922 910 983 leoncm
937 942 1028 999 quem
1052 926 1175 986 llcrcu·

56 1026 371 1108 lesgocciuiti-onio
394 1031 475 1088 enim
498 1029 678 1105 proluerint
704 1031 797 1091 stilus
824 1034 938 1092 atticus
967 1038 999 1092 ct
1027 1035 1174 1110 pbiloso-

58 1138 189 1215 phorum
214 1138 333 1197 soritas
357 1141 390 1197 ct
412 1139 668 1215 syllogismorum
690 1141 935 1216 probabilitates
957 1147 991 1202 et
1009 1160 1174 1202 mansurae
1291 1170 1296 1177 ·

59 1252 163 1307 terrac
190 1250 226 1309 ct
257 1250 417 1308 astrorum
448 1248 624 1325 positiones
655 1249 688 1306 ct
717 1249 796 1308 solis
824 1252 961 1311 cursust
1011 1251 1174 1312 Eiusmodi

60 1359 135 1421 enim
159 1358 399 1433 quaestionibus
431 1359 580 1434 occupari
606 1357 761 1418 bominum
788 1361 840 1417 est
867 1359 929 1420 sibi
953 1362 1101 1437 dogmata
1123 1362 1173 1419 in·

61 1472 123 1528 star
144 1467 231 1545 legis
256 1468 489 1544 imponentium.

141 1614 194 1671 28.
222 1609 424 1687 Quapropter
439 1610 566 1670 vestras
589 1626 713 1687 quoquc
735 1610 839 1687 logum
863 1610 1076 1670 institutiones
1097 1624 1174 1669 cou-

62 1720 156 1781 tcmsi.
217 1719 314 1778 Unam
344 1720 424 1778 enim
454 1719 625 1797 oportebat
655 1736 727 1780 esse
756 1722 789 1778 ct
817 1737 1008 1780 communem
1041 1721 1175 1780 omnium

62 1830 186 1890 vivendi
207 1844 366 1905 nurmam3
401 1846 482 1888 nuuc
511 1830 614 1890 autem
643 1832 720 1906 quot
754 1829 901 1889 civitates
925 1831 973 1888 tot
998 1829 1101 1906 logum
1124 1831 1174 1889 in·

62 1939 257 2015 stitutiones,
303 1938 348 1997 ita
375 1941 410 1997 ut
439 1956 519 2015 quac
547 1939 631 2016 apud
659 1939 826 1998 nonnullos
854 1939 962 2015 turpia
992 1942 1065 1998 sunt
1090 1940 1174 2015 apud

63 2048 138 2107 alios
162 2048 227 2107 siut
256 2047 433 2123 praeclara.
498 2049 634 2108 Videtur
664 2048 806 2107 nimirum
834 2046 964 2106 Graecis
993 2046 1174 2122 fugiendum

63 2157 203 2235 coniungi
225 2174 294 2217 cum
318 2159 434 2235 matre,
460 2158 747 2234 praeclarissimum
769 2172 846 2215 vcro
871 2156 904 2213 id
925 2154 1060 2214 labatur
1081 2157 1175 2215 insti-

65 2269 155 2326 tutum
176 2266 264 2343 apud
281 2266 452 2325 Persarum
473 2280 597 2341 magos;
620 2282 658 2324 ac
681 2279 850 2340 puerorum
877 2279 964 2321 amor
985 2280 1005 2321 a
1027 2264 1174 2326 barbaris

65 2376 234 2452 damnatur,
253 2366 488 2451 praerogativis
510 2389 589 2432 vero
625 2391 644 2431 a
675 2372 823 2432 Romanis
848 2371 1004 2431 honorata
1031 2373 1090 2450 cst,
1121 2375 1173 2450 qui

66 2502 227 2560 puerorum
249 2500 366 2561 greges
388 2484 490 2542 instar
511 2498 662 2558 equorum
692 2482 869 2559 gregalium
899 2498 1014 2558 cogere
1035 2483 1171 2542 student.

143 2629 196 2689 bb.
217 2626 304 2688 llaec
327 2644 420 2703 quum
442 2626 608 2702 vidissem,
629 2628 799 2702 praeterea
828 2642 907 2685 vero
934 2627 1027 2686 etism
1051 2627 1173 2703 myste-

68 2738 174 2799 riorum
201 2738 364 2815 particeps
388 2736 490 2796 lactus
515 2750 633 2811 essem,
670 2750 709 2795 ac
729 2734 836 2794 varias
860 2734 976 2811 ubiquc
998 2735 1171 2813 religiones

10 2862 12 2873 ·
69 2849 276 2925 explorassem
295 2864 376 2923 quac
402 2846 442 2904 ab
468 2843 650 2904 cilemiuaiis
675 2846 709 2902 et
733 2844 927 2923 androgynis
952 2848 1172 2922 procurantur,

70 2973 212 3034 quumque
232 2956 425 3032 reperissem
450 2954 535 3031 apud
563 2953 720 3014 Romanos
742 2951 901 3013 Latiarem
925 2969 1034 3014 corum
1063 2953 1171 3013 luvsm

68 3229 228 3302 βαρβάρων.
240 3269 246 3284 .
256 3224 327 3285 ,ὑπό
351 3224 495 3295 Ῥωμαίων
523 3244 545 3281 e.
571 3230 597 3282 1.
631 3242 665 3280 nc
681 3229 709 3280 iu
726 3241 828 3279 saeuam
846 3226 948 3295 quidem
964 3222 1070 3294 prodire
1086 3224 1171 3279 liccat.

68 3332 89 3373 ι.
105 3319 121 3371 1
137 3317 312 3371 consutas-
350 3316 390 3370 ltu
414 3314 597 3369 sententiani.
631 3312 773 3366 Nerones.
791 3338 826 3352 -
861 3313 901 3365 ci.
919 3327 940 3364 c.
962 3310 989 3363 8.
1006 3325 1033 3364 ιι.
1052 3309 1077 3365 9.

67 3402 147 3457 lustin.
164 3402 244 3472 Apol.
262 3403 284 3455 Ι.
303 3417 326 3454 c.
344 3401 388 3456 27.
407 3417 433 3453 u.
450 3399 475 3453 3.
700 3396 726 3448 3.
745 3393 796 3449 τὸν
813 3391 874 3449 κατ’
893 3392 1000 3457 αὐτοῦς
1014 3400 1082 3450 Aac.
1101 3396 1169 3466 Ain]

125 3490 150 3542 1.
180 3485 354 3556 parenetes]
394 3485 489 3538 Procul
523 3484 598 3537 dubio
631 3484 691 3535 Par.
717 3481 742 3547 l,
775 3482 845 3548 Aet,
874 3483 943 3535 Fris.
976 3485 1096 3550 cornrpts
1120 3479 1172 3536 ede

65 3570 187 3627 Eleusinia
210 3571 340 3637 iutelligit,
364 3585 429 3639 quau
454 3565 516 3623 κατ’
534 3566 598 3635 teo·
632 3563 705 3620 susci
727 3561 795 3626 ruric
815 3560 973 3632 mastinos
1003 3568 1069 3621 Ate.
1126 3568 1171 3621 Sic

65 3655 110 3727 zris
131 3657 257 3725 llysteria
281 3654 439 3708 dicebantur.
493 3655 599 3708 Lutecls
633 3651 745 3705 Gesner.
762 3665 864 3720 quoquc
882 3656 908 3704 ct
930 3651 1053 3715 llcrold.;
1077 3653 1172 3706 caeteri

64 3744 284 3810 isdgiaopbamo
313 3740 400 3807 (lom.
432 3740 454 3794 1.
481 3754 507 3808 p.
533 3738 596 3806 197)
633 3735 754 3802 editores,
778 3741 807 3789 ut
825 3737 884 3790 l’ar.
909 3735 1073 3805 zoorrupts
1092 3739 1171 3791 rerba

63 3830 159 3898 scripsit
177 3827 247 3881 reio
261 3825 431 3891 coemptos.
632 3819 705 3875 κατὰ
730 3819 799 3884 τούς
824 3822 964 3876 eiecerunt.
1020 3820 1072 3873 Sed
1100 3825 1170 3874 rccts

123 3913 150 3967 2
169 3907 221 3966 dmi
236 3912 359 3975 dotato.
383 3907 444 3977 cte]
472 3908 598 3961 observat
633 3907 713 3962 llcnr.
733 3908 878 3976 Stephanus
897 3907 937 3972 (iu
955 3904 1017 3958 edit.
1035 3904 1119 3972 Epist.
1138 3905 1169 3959 ad

59 3998 217 4067 miluus
234 3996 300 4049 bbro
319 3995 352 4046 vi
376 3993 408 4046 de
425 3995 475 4047 cir.
495 3993 535 4045 dei
554 4008 597 4045 sa·
631 3992 724 4057 bicgo.
748 4006 774 4059 p.
798 3988 862 4057 108)
888 3991 964 4043 iussit
985 3984 1046 4042 κατ’
1062 3985 1170 4050 nicode

59 4099 99 4139 tra
116 4083 239 4136 committi
257 4078 392 4133 infamibus
407 4077 490 4147 gellis,
505 4077 596 4147 quibus
633 4077 678 4145 (cl.
695 4092 718 4129 c.
736 4075 771 4129 at
789 4075 824 4143 τῇ
841 4070 914 4128 κατὰ
934 4069 1015 4142 ‘Pom
1039 4073 1100 4142 ssi)
1123 4086 1168 4124 re·

94 4168 172 4237 corp.
191 4164 280 4236 Apoll.
305 4163 360 4216 Vol.
386 4162 430 4216 Vl.
939 4157 962 4225 8
