2708 4666
462 179 614 247 ouarro
637 180 697 246 au
719 181 915 250 maneos.
1177 178 1240 263 iit

202 350 258 413 81.
280 345 371 412 Nune
389 351 494 413 autem
514 353 688 414 oeuveuire
707 356 848 418 arbitror
869 361 904 421 ut
922 359 1157 442 philosophiam
1175 380 1237 426 no·

126 458 219 521 stram
240 457 435 523 (iraeeorum
462 462 640 540 diseiplinis
676 465 886 541 antiquiorem
916 487 989 530 esse
1014 472 1235 537 demonstrem.

124 568 257 631 intui
286 569 380 635 nohis
407 574 498 631 erunt
532 571 638 633 Moses
669 576 702 634 et
726 573 890 656 Homerus,
931 581 1015 655 quod
1036 583 1170 658 uterque
1193 585 1238 646 sit

123 679 366 757 vetustissimas,
393 697 432 741 ae
456 679 509 742 hie
532 682 656 757 quidem
682 684 787 760 poetis
821 689 854 745 et
881 686 1042 750 historieis
1069 692 1238 770 antiquior,

122 788 173 851 ilie
193 791 304 849 auten
332 789 430 849 totius
457 790 615 851 barbarae
642 793 818 869 sapientiae
850 798 1010 876 princepe.
1065 798 1131 860 Eos
1157 816 1238 878 ergo

121 899 441 976 iaeomparationem
459 915 625 960 vocemus:
647 903 844 978 reperiemus
862 906 942 965 enim
964 911 1073 968 nostra
1094 925 1155 969 uon
1180 926 1238 971 so-

121 1008 180 1070 lam
210 1005 407 1069 ilraeeorum
431 1008 607 1086 diseipiinis
644 1009 701 1070 eed
734 1013 828 1072 etiarn
861 1014 1025 1077 literarum
1055 1019 1236 1081 inventione

122 1116 309 1194 antiquiora.
353 1117 464 1177 'lestes
484 1120 587 1179 autem
605 1135 668 1179 non
694 1120 884 1184 domesticos
906 1141 1071 1205 assumam,
1097 1129 1157 1189 sed
1175 1145 1237 1206 po·

122 1227 180 1289 h'aa
206 1224 342 1288 tineoia
365 1227 437 1288 utar
459 1227 671 1304 adiutoribus;
697 1229 777 1289 illud
801 1233 883 1291 euim
904 1234 1056 1296 insulsum
1072 1240 1138 1316 est,
1164 1240 1238 1314 quia

124 1351 254 1413 prorsus
283 1351 347 1395 non
376 1338 484 1413 potest
512 1336 647 1397 avohis
678 1338 816 1417 admitti,
858 1339 919 1400 hoe
948 1359 1026 1403 vero
1055 1347 1237 1407 ostenditur

123 1445 317 1523 admirabile,
340 1445 369 1505 si
391 1447 510 1511 vestris
532 1447 694 1509 vobiscum
717 1449 812 1508 armis
834 1466 978 1526 pugnans
1002 1469 1064 1511 nou
1088 1458 1237 1530 suspecta

124 1767 147 1819 1
170 1769 288 1819 aeateat.
321 1765 527 1834 §praedictiones
552 1766 609 1836 (ed.
630 1765 662 1834 l)
696 1767 741 1835 37,
759 1769 867 1823 Teriuil.
885 1768 904 1824 Ι.
922 1787 945 1824 e.
963 1787 986 1824 e.
1004 1770 1062 1837 47),
1079 1772 1163 1841 ipsum
1185 1773 1239 1825 eri·

124 1863 146 1918 p.
161 1849 214 1905 22⁰
230 1866 290 1920 aq..
539 1902 546 1916 ,
697 1868 755 1906 meu
773 1854 800 1906 iu
819 1869 863 1908 eos
881 1854 1037 1924 detorquere
1058 1860 1168 1925 peierat

187 1937 215 1991 ὅ.
234 1935 285 1990 aei
309 1931 362 1990 roa
384 1931 436 2003 pt·
458 1936 520 2004 ate]
541 1936 663 1990 Scholion
765 1938 790 1993 i.
812 1941 895 2011 βαρβ.
927 1941 1007 2011 unp]
1042 1942 1105 1995 Eue.
1133 1943 1238 2009 neptae
1324 1972 1329 1989 ι

125 2020 253 2089 innare.
274 2023 337 2075 Par.
360 2021 391 2074 1:
416 2019 474 2076 Καὶ
497 2020 555 2090 prio
577 2026 662 2076 Moe-
696 2022 854 2093 βαρβάρου.
889 2027 978 2079 Paullo
1004 2030 1064 2079 aute
1082 2025 1237 2095 apertiore·

125 2110 205 2162 aeioe
230 2107 284 2174 (sie
298 2122 395 2176 -pru
412 2109 559 2176 Μωυσῆν,
594 2107 662 2177 quod
698 2126 749 2176 poe
772 2112 799 2163 iu
821 2108 1016 2181 πρεσβύτατον
1041 2112 1164 2180 mutarit;
1192 2112 1238 2166 aed

125 2196 191 2245 reete
209 2194 238 2245 in
255 2196 329 2246 textu
354 2193 477 2261 habetur)
501 2190 557 2260 ape*
573 2187 661 2262 Ὀμή·
696 2193 761 2247 lius.
778 2195 836 2247 Par.
855 2196 961 2249 erecte
978 2192 1176 2264 expendereque.

126 2293 174 2345 eea
199 2280 299 2347 papeia.
320 2305 355 2318 ·-
388 2278 581 2332 Demonstravit
612 2280 664 2332 Ta·
769 2278 794 2331 7.
811 2279 875 2347 arie]
899 2280 981 2334 Deest
1004 2280 1071 2350 apud
1092 2282 1189 2336 Eueeh.
1211 2282 1238 2334 iu

125 2364 204 2417 tinae
227 2363 280 2431 (ee.
301 2364 346 2419 81.
374 2362 409 2418 36
434 2365 517 2433 sqq),
541 2362 664 2433 quemad·
699 2363 760 2417 edit
781 2364 995 2432 Vip-lleirieh,
1009 2370 1038 2419 ut
1053 2367 1079 2419 iu
1098 2367 1162 2422 Eue.
1177 2368 1238 2420 Par.

126 2448 222 2503 nedum
249 2451 365 2503 luminu
389 2451 437 2518 (oi.
463 2451 555 2504 lihrum
579 2465 664 2503 meum
698 2447 730 2517 ὃς
757 2448 804 2502 aed
824 2447 953 2503 Gaietord.
966 2450 1130 2504 restituit-
1152 2453 1239 2506 Antea

126 2532 161 2586 lla
185 2535 279 2588 lnattai
301 2535 379 2588 liert.
404 2536 507 2605 seriptis
531 2538 558 2587 et
580 2533 662 2587 doctr.
697 2549 745 2605 pro
768 2527 850 2603 ἡμῶν
880 2535 944 2588 ltuc.
975 2528 1063 2604 riparia,
1097 2553 1126 2589 ao
1149 2540 1239 2606 postea

127 2633 149 2688 p.
175 2618 227 2675 106
250 2621 304 2689 aq.)
326 2621 419 2689 aliique
446 2621 536 2674 Patres
563 2621 662 2688 (Theo-
697 2619 803 2673 lierold.
830 2625 857 2674 et
887 2621 989 2675 llorell
1020 2619 1239 2691 παραλαμβανό-

126 2705 183 2774 pith
200 2704 235 2759 ad
249 2705 560 2759 territaretur.
583 2721 607 2760 e.
627 2704 663 2758 lt
696 2706 803 2759 eoem.

126 2805 188 2860 sqq„
211 2790 293 2845 clem.
316 2791 393 2845 Alea.
412 2791 510 2847 strom.
535 2792 557 2842 l.
576 2807 598 2844 e.
618 2791 661 2844 15.
765 2790 791 2843 8.
810 2785 880 2845 due
909 2787 951 2845 ἔτι
976 2791 1036 2861 sall
1062 2794 1161 2847 himen.
1186 2808 1239 2847 non

127 2874 662 2945 §.⁷20.21.§.1oi‚rertu1iapo-
697 2870 766 2929 dit&
788 2877 840 2944 (aio
865 2876 952 2945 redd.)
981 2877 1027 2930 sed
1060 2873 1126 2932 e’ill.
1172 2879 1237 2932 llus.

126 2959 525 3028 br.e.19‚1.aetant.lustitt.
550 2960 600 3014 dir.
619 2962 662 3014 Π.
697 2957 737 3015 lea
761 2957 793 3015 oi
818 2960 875 3016 ani.
893 2991 929 3001 -
973 2963 1063 3015 Paullo
1090 2967 1150 3016 ante
1173 2963 1238 3016 Eua.

125 3061 146 3099 e.
160 3047 202 3115 6),
219 3047 416 3109 remotissimam
435 3047 569 3113 religionis
592 3047 662 3100 chri·
697 3048 756 3101 Par.
774 3046 791 3099 3
809 3041 845 3100 οὔ
863 3040 954 3113 μόνον
972 3048 1071 3113 omisit3
1096 3046 1162 3100 idem
1181 3045 1237 3098 red

125 3132 218 3185 anns
244 3132 438 3200 antiquitatem,
482 3136 511 3184 ui
539 3133 660 3185 novitatis
695 3135 748 3202 τῆς
765 3132 824 3185 reia
840 3125 987 3198 Ἑλλήνων.

125 3217 219 3271 uinea
243 3218 275 3269 ah
300 3217 343 3270 illa
366 3220 496 3270 amoveret
524 3222 553 3288 et
567 3216 661 3272 Genti-
764 3216 790 3272 9.
810 3212 853 3285 di]
871 3216 935 3268 Eue.
954 3233 993 3271 ea.
1018 3214 1072 3269 Sed
1085 3215 1150 3267 Eua.
1164 3213 1236 3269 l'lor.

125 3300 169 3368 tea,
187 3317 297 3371 quorum
314 3303 394 3355 saeris
409 3304 534 3355 honorem
549 3303 661 3371 antiqui·
696 3303 722 3356 1.
740 3301 759 3354 2
776 3302 817 3355 δέ.

124 3387 182 3441 tatia
209 3387 368 3457 eripuisset,
405 3385 436 3439 ad
462 3386 662 3454 amplectendam
766 3385 809 3440 1⁰.
826 3379 979 3455 χρήσομαι]
1003 3383 1067 3438 Eos.
1095 3382 1237 3455 καταχρή-

124 3471 218 3526 wart
238 3487 341 3525 eanum
354 3476 541 3536 summoveretr
559 3473 662 3526 huoro-
697 3487 793 3541 repar.

124 3555 188 3611 eadit
206 3555 275 3626 quod
299 3556 344 3610 ilio
371 3560 523 3624 argumente
541 3556 662 3611 adrerea·
768 3557 812 3612 11.
829 3551 902 3625 prol
916 3550 967 3623 ὑφ’
984 3550 1078 3625 e‘pdv]
1112 3555 1156 3609 Sie
1178 3555 1238 3609 Par.

122 3643 182 3711 risa,
198 3643 244 3712 qui
263 3642 423 3696 Christianos
437 3642 574 3695 novitiolos
596 3642 663 3711 opti·
698 3644 728 3696 1:
754 3641 823 3695 unde
850 3644 949 3696 Mareu.
973 3642 1087 3711 repetiit
1135 3641 1240 3695 (laeteri

121 3743 160 3781 ma
179 3743 296 3797 quaeque
319 3741 352 3779 ex
374 3727 473 3794 graecis
494 3727 663 3797 seriptenhue
698 3726 771 3781 eedd.
788 3730 848 3782 maii
867 3731 894 3780 et
911 3725 973 3779 editi
990 3720 1060 3795 epil
1077 3718 1127 3792 ip·
1148 3718 1239 3794 ἡμᾶν.

119 3812 235 3867 lammae
252 3811 450 3879 oentendereut,
466 3826 519 3865 nau
530 3811 603 3864 uredo
619 3827 663 3865 re·
697 3813 762 3868 nm.
779 3805 844 3881 μηδ’
861 3806 912 3880 ὑφ’
935 3807 1017 3880 e'paia
1042 3810 1120 3878 (lias.
1138 3810 1201 3864 Par.
1221 3809 1240 3862 2

119 3898 201 3952 idere
218 3897 269 3952 aed
285 3898 324 3964 (e.
343 3895 408 3964 te),
444 3901 473 3951 ut
496 3896 539 3950 alii
564 3896 663 3966 Apole-
699 3901 726 3950 et
745 3898 818 3952 Ftur.
843 3898 860 3952 1
884 3890 978 3967 ἡμᾶν)
1002 3890 1190 3964 aepddaaeae.
1205 3920 1240 3936 ·-·

118 3988 191 4050 petre
208 3984 319 4051 (lustin.
347 3983 425 4051 Apol.
450 3983 472 4036 i.
490 3997 527 4034 oe.
550 3979 594 4034 44.
619 3981 662 4037 et.
698 3982 762 4037 Tum
779 3997 869 4036 umnea
887 3983 986 4037 'latiam
999 3980 1100 4034 eodieee
1113 3979 1174 4033 mati
1191 3975 1240 4031 rd-

117 4066 161 4136 ts,
177 4067 315 4139 theophil.
340 4066 358 4120 l.
383 4083 405 4120 e.
429 4067 450 4121 l.
478 4083 500 4119 e.
527 4063 569 4120 11.
586 4067 620 4120 11.
639 4083 662 4122 e.
696 4082 736 4139 eqo
754 4059 816 4122 tle
835 4067 884 4135 (ita
898 4062 1009 4121 Gesner.
1023 4079 1124 4135 quoque
1142 4067 1169 4116 ei
1184 4061 1239 4115 lle-
