2708 4666
306 178 316 191 '
351 204 613 290 surrmcsrro
635 207 715 270 nno
738 208 999 275 cnnrsrrsnrs.
1166 208 1228 274 ros

122 387 209 444 terra
231 381 313 444 bane
333 382 429 443 sitam
455 398 513 443 nos
529 351 669 441 viet⁸ur0s
685 383 894 462 crederemus,
916 387 979 445 tum
995 381 1105 445 lorsam
1120 385 1227 462 suspi-

120 494 187 554 eari
209 493 321 553 liceret
353 508 429 569 uos,
455 492 542 553 enni
561 494 594 551 et
615 492 762 570 sanguini.
777 494 1000 570 inservientes,
1022 493 1075 553 vel
1092 494 1227 554 avaritia

119 602 174 664 vel
192 603 363 680 eupiditate
393 603 494 662 vietos
516 617 668 683 peceare;
698 602 754 661 sed
778 620 870 679 quum
893 604 932 664 iis
949 620 1029 679 quae
1044 598 1227 681 rogitamus,

120 730 202 790 quae
218 713 389 789 loquimur,
410 712 500 772 deum
521 715 584 771 tum
602 714 695 772 noctu
716 715 779 772 tum
800 710 935 774 interdiu
953 713 1067 773 adesse
1085 713 1228 792 seiamns,

120 841 270 900 eumque,
297 840 389 899 quum
414 825 498 882 tutus
524 821 627 882 lumen
653 822 711 899 sit,
748 838 786 882 ea
809 821 902 883 etiam
925 840 1005 900 qnae
1027 823 1057 882 in
1079 823 1227 884 eordibus

119 934 239 995 nostris
263 934 361 993 latent
381 932 507 992 videre:
536 948 720 1010 persuasum
743 932 894 992 babemus
919 949 975 992 nos
996 931 1056 993 bae
1079 933 1227 993 terrestri

120 1046 186 1104 vita
209 1043 363 1104 liberatos
386 1043 479 1103 aliam
500 1043 597 1101 vitam
620 1042 759 1102 victuros
775 1058 864 1119 esse,
884 1043 1147 1120 praestantiorem
1166 1044 1226 1107 ista

118 1153 266 1214 terrestri
281 1169 410 1228 eamque
426 1152 606 1229 coelestem,
627 1168 688 1211 non
708 1153 865 1211 terrenam
880 1146 1014 1230 (quippe
1035 1170 1127 1230 quum
1143 1156 1228 1236 apud

119 1265 211 1324 deum
227 1265 260 1322 et
273 1279 340 1323 eum
355 1262 415 1322 deo
432 1265 523 1323 extra
539 1279 658 1323 omnem
683 1260 923 1321 immutationem
944 1264 978 1320 et
990 1265 1227 1342 perpessionem

118 1373 259 1449 animae,
288 1389 348 1432 non
377 1375 411 1434 ut
437 1389 530 1451 earo,
558 1372 620 1432 etsi
641 1387 766 1433 earnem
790 1370 927 1431 habituri
951 1389 1076 1451 sumus,
1106 1376 1163 1435 sed
1193 1380 1228 1438 ut
1320 1441 1321 1451 ρ

119 1482 270 1545 eoelestis
293 1481 433 1559 spiritns,
453 1483 591 1543 mansuri
614 1482 735 1558 simus),
757 1481 810 1542 vel
827 1480 988 1558 collapsos
1004 1500 1071 1544 eam
1091 1486 1227 1546 caeteris

117 1593 309 1652 deteriorem
333 1608 462 1668 eamque
483 1593 513 1652 in
537 1593 619 1670 ignis
644 1591 819 1669 supplicio;
841 1608 901 1650 non
925 1591 1006 1651 enim
1022 1593 1099 1655 dens
1116 1613 1227 1672 quem·

119 1701 284 1762 admodum
304 1719 421 1779 peeora
444 1709 499 1762 aut
527 1704 661 1763 iumenta
682 1703 726 1762 ita
755 1701 849 1761 etiam
876 1716 934 1760 nos
955 1701 1061 1781 finxit,
1089 1704 1226 1782 perluu-

117 1813 219 1873 utorie
233 1815 265 1870 et
282 1815 314 1871 ut
327 1813 501 1889 periremus
519 1816 551 1871 et
570 1828 838 1872 evanesceremus.
881 1811 1018 1889 Propter
1039 1812 1119 1874 baeu
1136 1816 1227 1874 veri·

118 1922 221 1983 simile
248 1937 308 1983 non
335 1926 385 1982 est
408 1924 443 1982 ut
467 1921 613 1982 lubenter
633 1889 814 1999 peeeemus,
850 1937 970 1998 nosque
992 1939 1104 2001 magno
1132 1923 1226 1984 indiei

118 2034 279 2095 tradamus
295 2032 477 2110 puniendos.

205 2170 257 2228 32.
280 2166 344 2226 lem
367 2167 487 2226 minime
511 2168 620 2226 mirum
636 2166 715 2240 [est]
740 2167 823 2242 quod
845 2167 892 2227 illl
913 2183 953 2227 ea
968 2168 1058 2228 nobis
1074 2164 1226 2245 affingunt

118 2295 200 2357 quae
215 2278 321 2338 dieunt
336 2278 375 2336 de
391 2277 451 2337 diis
467 2276 701 2351 suistouorum
715 2276 880 2354 passiones
902 2278 1054 2354 mysteria
1077 2278 1225 2340 eiliuinnt.

117 2389 260 2451 Deeebat
279 2391 381 2447 antem
403 2390 454 2465 ut,
476 2386 503 2446 si
525 2386 689 2447 licentiose
708 2389 740 2447 et
756 2385 931 2465 promiscue
955 2387 1079 2449 miseori
1095 2390 1225 2450 damna·

118 2626 356 2698 praetermiserunt.
405 2626 465 2692 „dn
494 2626 655 2695 pleonasmus
688 2626 745 2691 ber,
764 2626 800 2681 als
819 2628 859 2678 ein
874 2627 1047 2695 Nebensrerl)
1066 2627 1120 2680 sive
1138 2631 1168 2680 ut
1184 2629 1225 2681 ble

119 2714 159 2767 bie
184 2712 244 2766 esti
272 2727 304 2764 sn
321 2709 392 2780 petel
409 2712 483 2766 θεοῦ
506 2710 655 2779 simpliciter
688 2713 870 2780 pertransieris
889 2712 1035 2781 (oberlin).
1071 2713 1111 2767 01.
1130 2713 1225 2767 lseubs.

119 2800 192 2868 apud
208 2799 285 2850 deum
303 2795 437 2865 signifieat,
455 2794 508 2851 orie
520 2799 578 2866 θεῷ
595 2810 654 2849 vero
689 2796 720 2850 sd
735 2798 854 2851 Philostr.
871 2798 966 2865 lmagg.
983 2814 1008 2867 p.
1019 2796 1079 2852 606.
1091 2797 1151 2853 612.
1182 2800 1225 2852 lu·

119 2887 167 2938 deo
187 2882 369 2936 udiuuurrM“
395 2883 495 2950 quaerit
513 2882 655 2935 Gesnerus.
689 2884 771 2936 slinus
786 2883 859 2951 llpol.
874 2884 894 2936 l.
910 2882 991 2937 edd:
1012 2879 1053 2938 ol
1067 2879 1120 2953 γᾶρ
1133 2877 1225 2950 ὅσπερ

119 2967 269 3040 Respondet
288 2966 446 3021 lindnerus:
476 2967 550 3035 „Ego
569 2971 655 3036 posle·
690 2963 829 3034 eduliis,
854 2964 918 3021 elus
935 2967 1040 3034 δένδρα
1058 2966 1106 3023 sai
1124 2966 1225 3036 τετρά-

119 3057 174 3109 rius
193 3052 370 3108 crediderin.“
690 3054 779 3119 node,
797 3051 886 3122 perdta
905 3050 1048 3120 δυνάμενα
1065 3052 1225 3121 προαιρέσει

190 3139 232 3193 lb.
255 3131 286 3208 ἢ]
311 3138 421 3193 Gesner.
440 3139 549 3192 coniecit
566 3133 601 3192 ου’
617 3138 656 3191 le·
690 3133 831 3208 πράττειν,
851 3136 979 3208 ἐποίησιν
994 3133 1010 3193 ὁ
1023 3124 1093 3202 dede
1107 3133 1159 3194 eds
1174 3135 1225 3194 ἄν·

120 3227 238 3296 μηιὶιιω.
275 3224 336 3290 Sed,
354 3229 382 3277 ut
399 3225 517 3289 lleebair.
535 3227 582 3278 lam
601 3237 656 3276 mo·
690 3227 818 3294 θρωπον.
853 3225 914 3277 llos
939 3225 1003 3291 Arg.
1032 3238 1083 3279 uon
1110 3220 1225 3281 dustei-

121 3314 185 3378 nuil,
204 3309 265 3364 illud
280 3303 298 3379 ἢ
313 3309 504 3380 praeferendum
519 3314 567 3363 est.
591 3310 656 3362 Tum
689 3313 766 3380 μεθα
783 3309 829 3364 sed
847 3300 1042 3377 ἆπολλόρὶεθα.

120 3400 181 3454 Aet.
200 3397 431 3459 καταπίπτοντες,
450 3396 475 3449 in
494 3411 574 3463 marg.
594 3408 655 3448 vero
760 3396 800 3450 18.
815 3391 930 3466 αὐτοῦς]
942 3397 981 3450 lte
995 3394 1066 3450 codd.
1081 3397 1147 3450 meti.
1173 3397 1226 3452 sed

72 3509 75 3518 ·
120 3486 199 3539 altera
220 3498 268 3537 res
287 3483 381 3552 scripta
401 3485 450 3536 est.
692 3483 803 3537 Gesner.
822 3482 950 3535 lleebenb.
969 3480 1061 3536 llndu.
1087 3484 1227 3538 edederunt

192 3568 234 3623 17.
259 3567 366 3622 sul...
387 3561 436 3636 ὥς]
458 3586 489 3616 :
509 3561 610 3634 ὥςπρ.
630 3586 656 3618 a·
691 3563 806 3631 adrode-
843 3568 882 3621 01.
902 3567 1059 3623 c.2.o.9.

122 3649 334 3723 ὖι.ια1ἡμᾶρ.
361 3653 399 3706 01.
415 3669 436 3707 c.
447 3653 489 3707 15.
506 3670 530 3705 u.
541 3651 582 3705 1³.
614 3652 657 3706 sle
761 3656 785 3708 1.
814 3650 889 3716 Turia
905 3650 957 3722 μὲν
976 3644 1028 3707 οὖν
1045 3657 1115 3719 said
1142 3655 1184 3709 01.
1204 3673 1229 3712 t.

121 3743 224 3796 inversu
252 3739 341 3793 ordine
368 3738 484 3792 dicebant
509 3731 598 3799 edema
692 3741 733 3794 31.
759 3756 783 3793 n.
803 3741 827 3793 1.
865 3739 984 3794 criminis
1014 3738 1225 3808 Oedipodes-

122 3821 169 3890 ὥς.
205 3827 244 3880 01.
271 3825 362 3878 stlil
386 3824 454 3878 Clsv.
480 3823 553 3880 librr.
577 3825 608 3875 V.
628 3824 657 3878 Τ.
694 3814 1006 3879 ηιπιροῐιοιιδίῑιιυω
1022 3825 1227 3880 christianissi-

122 3913 260 3984 spuerypb.
280 3926 305 3980 p.
323 3909 384 3965 506.
419 3908 484 3976 Arg.
503 3924 578 3979 supra
597 3910 657 3962 ulli·
692 3911 744 3966 licii
763 3910 828 3980 apud
847 3916 946 3966 veteres
965 3926 1055 3965 causae
1076 3911 1227 3965 christianae

122 3999 266 4054 mamroeis
276 3992 416 4064 πάρεργον
434 3995 553 4063 syllabam
572 4014 591 4047 α
610 4013 656 4049 es·
692 3996 805 4050 vindices
823 4012 898 4066 saepe
915 3994 945 4049 dt
962 3997 1066 4052 mentio.
1103 3996 1157 4050 cir.
1184 3999 1227 4050 in-

121 4087 201 4150 hibet,
219 4087 248 4138 ui
265 4078 390 4152 πάρεργα
407 4081 516 4150 legatur.
551 4080 656 4148 Signifi-
690 4084 779 4152 primis
792 4082 919 4135 Minucius
931 4081 987 4135 Fel.
1003 4081 1090 4135 Oetae.
1105 4081 1173 4136 rell.
1184 4083 1226 4137 31.

95 4198 99 4209 ·
120 4176 163 4228 esl
181 4168 245 4226 lllud
269 4167 412 4226 adverbium
439 4151 523 4222 obiter
546 4154 655 4234 (nebeu-
757 4167 784 4224 2.
804 4169 895 4240 Χρῆν]
913 4167 978 4224 lob.
996 4165 1060 4238 ρρῆ,
1075 4167 1149 4223 Bell.
1160 4166 1185 4221 1.
1201 4170 1228 4225 2.
