2708 4666
347 156 404 220 DE
422 93 758 221 omsdnnsscrlomt
781 158 1039 233 montuosum.
1169 162 1233 227 2⁴5

115 329 284 405 utrumque
306 330 398 391 simut
421 331 585 391 diiudicari
607 347 669 391 non
691 333 811 410 possit,
839 332 962 392 etiamsi
988 351 1079 410 quam
1100 336 1236 418 maxime

114 439 210 500 simul
229 441 386 500 exsistant
408 443 441 500 et
456 441 496 500 ad
518 442 713 519 propositam
731 444 944 516 quaestionem
962 459 1021 520 par
1046 447 1233 505 momentum
1289 524 1290 529 ἵ

116 548 265 617 atterant.
311 549 367 609 ilis
391 550 600 627 argumentis,
621 557 655 611 ut
678 551 872 628 principibus
896 556 928 611 et
949 570 968 611 a
990 554 1152 612 creatione
1177 570 1233 613 re·
1294 564 1298 572 “

114 658 238 736 petitis,
261 659 347 718 ctare
371 661 615 719 demonstratam
642 662 906 720 resurrectionem
928 677 989 721 non
1015 663 1115 721 minus
1137 663 1231 721 etiam

114 768 293 828 rationibus
317 786 358 828 ex
380 769 580 846 providentia
604 769 748 828 deductis
780 771 854 829 licet
878 770 1081 848 confirmare,
1117 772 1150 831 id
1181 779 1232 832 est

114 894 157 936 ex
182 878 298 937 debitis
329 879 491 952 unicuique
515 877 630 938 homini
659 880 741 938 iusto
770 880 884 939 iudicio
906 880 1055 958 praemiis
1075 882 1131 939 aut
1150 897 1231 958 poe·
1338 962 1341 968 Ι

114 987 166 1046 nis
188 990 222 1045 et
245 989 410 1063 proposito
433 989 518 1045 vitae
543 986 695 1047 hnmanae
727 989 797 1048 tine.
841 989 932 1048 Multi
956 990 1035 1047 enim
1058 989 1230 1057 de.resur·

114 1096 258 1156 rectione
276 1095 472 1172 disputantes
489 1096 519 1154 ei
541 1102 725 1172 argumento
748 1097 830 1171 quod
854 1098 979 1155 tertium
1005 1100 1055 1157 est
1076 1099 1138 1158 soli
1154 1116 1231 1158 cau-

113 1222 183 1266 eam
208 1220 326 1264 onmem
341 1205 558 1283 assignarunt,
582 1208 846 1264 resurrectionem
870 1205 937 1264 fleri
960 1209 1092 1283 propter
1116 1208 1230 1267 iudici·

113 1331 165 1374 nm
197 1313 351 1372 arbitrati.
397 1313 431 1372 id
463 1330 541 1372 vero
573 1314 737 1373 manifeste
758 1314 872 1372 falsum
904 1331 943 1372 ex
968 1331 1006 1373 eo
1030 1291 1229 1377 demonstra-

114 1427 186 1503 tur,
215 1424 298 1498 quod
323 1422 465 1481 homines
495 1423 546 1498 qui
570 1425 743 1483 moriuntur
774 1440 880 1482 omnes
902 1425 1025 1498 quidem
1048 1430 1229 1502 resurgant,

114 1535 301 1594 nontamen
323 1532 376 1608 qui
398 1534 568 1608 resurgunt
591 1548 697 1592 omnes
722 1535 913 1593 iudicentur:
944 1551 1013 1592 nam
1033 1536 1060 1593 si
1078 1535 1153 1594 sola
1177 1536 1228 1594 iu-

114 1644 189 1704 dicii
212 1643 353 1718 aequitas
377 1643 621 1702 resurrectionis
644 1660 738 1702 causa
759 1647 862 1718 esset,
893 1644 1057 1719 oporteret
1081 1645 1227 1721 protecto

114 1756 148 1815 ut
172 1768 272 1828 neque
296 1752 317 1810 ti
340 1753 545 1827 resurgerent
567 1754 618 1828 qui
646 1769 703 1814 nec
726 1753 799 1812 mati
824 1754 990 1829 quidquam
1014 1757 1148 1831 egerunt
1169 1769 1227 1814 nec

113 2062 164 2116 sss.
189 2061 254 2114 Vati.
285 2077 331 2116 nee
353 2077 404 2114 non
437 2063 502 2130 apud
528 2064 654 2116 Nunnium
689 2061 789 2132 edroi,
815 2065 962 2133 Stephanus
985 2078 1031 2117 suc
1054 2065 1178 2118 arbitratu
1198 2062 1228 2118 οἳ

113 2147 222 2213 desunt;
241 2148 384 2200 omissionis
402 2163 476 2200 causa
495 2150 610 2201 cernitur
627 2150 653 2201 in
688 2152 749 2218 (sic)
769 2148 815 2203 uui
834 2147 934 2216 ιιιίοι,
954 2165 1026 2217 quam
1042 2149 1142 2218 quidem
1161 2152 1227 2202 scri-

114 2233 225 2297 repetito
245 2229 422 2285 οἱιίστασθαι.
461 2232 589 2285 Eiusmodi
610 2249 652 2285 er·
688 2242 786 2303 pturam
825 2236 916 2303 reliqui
954 2234 1026 2288 editi.
1064 2234 1228 2303 receperunt,

114 2331 188 2371 rores
204 2332 387 2385 saepenumero
401 2320 440 2381 (in
457 2319 504 2370 hoc
520 2320 575 2385 ipso
590 2333 651 2385 ope·
687 2325 790 2389 praeter
802 2321 940 2386 Muranum,
951 2320 993 2387 qui
1006 2316 1052 2371 noi
1066 2314 1150 2372 edroi
1160 2320 1227 2372 scri-

113 2416 158 2470 re,
184 2403 258 2454 cte.
278 2419 302 2469 g.
322 2404 395 2470 md)
422 2404 602 2455 commiserunt
620 2404 652 2453 li·
686 2407 754 2475 ptori
778 2405 895 2457 reddidit.
938 2405 1169 2457 Δικαιοῦσιι
1193 2422 1226 2453 =
1322 2404 1351 2473 Ἰ

113 2489 201 2541 erarii.
237 2489 448 2556 lamStoptiauus
472 2488 513 2539 ilia
532 2487 608 2540 uerba
627 2489 652 2539 iu
685 2492 816 2558 probunt,
849 2490 980 2556 Stephano
1000 2495 1135 2555 monente;
1161 2489 1227 2555 „dr-

113 2579 186 2627 texiu
205 2575 336 2642 reposuit,
362 2574 536 2642 operans:
563 2577 589 2624 et
607 2573 652 2624 fir·
687 2571 835 2643 ιαιιόμαια
861 2579 926 2628 enim
947 2575 998 2627 iste
1026 2573 1160 2642 aliquando
1178 2589 1228 2642 pro

114 2663 216 2711 mentor
239 2660 348 2711 caeteris
374 2657 446 2710 codd.
466 2660 545 2711 mstis.
582 2659 652 2710 Satis
688 2663 817 2730 quibusvis
837 2661 1026 2730 probationibus
1044 2660 1142 2729 accipi,
1165 2661 1230 2711 satis

113 2745 200 2812 inepte
213 2744 373 2808 Dectrairius,
394 2745 433 2795 cui
450 2743 597 2796 Gattandius
614 2745 651 2794 ri·
687 2752 773 2800 notum
800 2763 857 2798 csse
884 2746 997 2813 potest,“
1031 2745 1138 2796 Frustra
1160 2743 1227 2795 idern

113 2828 190 2882 detur
227 2828 384 2895 adstipulari,
427 2830 536 2880 coniecit
575 2829 651 2880 verbu
686 2834 832 2884 vtrdoctus
858 2834 966 2883 coniecit
986 2844 1031 2897 pro
1050 2825 1226 2894 tgo'odile-

112 2911 290 2968 τουτέστι
311 2914 360 2974 (sio
384 2914 458 2979 vulgo
484 2913 592 2981 tegitur:
618 2916 650 2965 ct.
687 2917 795 2983 gendum
814 2911 1036 2983 ἐξὸιόὴιυῐγε.
1067 2916 1227 2980 Praraquo-

112 3017 139 3056 ιι.
165 3001 212 3067 11)
249 2995 334 3060 torio
369 3000 509 3067 κομιδῆ
545 2997 652 3059 νέους
686 3019 735 3068 que
765 3000 942 3054 emendatione
971 3002 1009 3053 to.
1036 3000 1069 3050 A.
1093 2997 1225 3048 Fabricius

111 3086 252 3146 :ciriae
280 3085 446 3152 expungenda
485 3101 555 3154 essc3
586 3101 650 3152 quae
686 3088 764 3152 (Hist.
783 3088 840 3138 crit.
860 3085 891 3137 dc
909 3085 932 3135 ta
950 3085 1004 3151 rep.
1024 3082 1069 3134 des
1087 3080 1177 3132 lettres
1195 3078 1225 3136 Τ.

111 3175 264 3240 sequuntur,
282 3164 350 3231 rode
369 3167 441 3222 κατὰ
465 3169 518 3238 τήν
536 3169 650 3238 πρώτην
686 3173 728 3225 tx.
749 3189 772 3239 p.
790 3169 864 3236 138),
884 3171 976 3238 quippe
996 3165 1060 3218 haud
1079 3163 1225 3226 intelligens

111 3253 308 3326 ritiutoeorrt„
330 3257 377 3310 sui
397 3251 507 3309 edroi
527 3260 650 3323 (inton-
686 3259 843 3326 participium
876 3251 940 3320 ἐξὸν
969 3250 1083 3304 absolute
1114 3245 1224 3313 positum
1275 3303 1286 3317 ,

110 3336 197 3408 tes),
216 3340 246 3393 ad
265 3343 312 3393 isin
331 3342 397 3393 clare
416 3343 564 3408 respiciunt.
586 3343 649 3394 Tum
685 3345 818 3411 tilattiiiue
838 3341 913 3410 Arias.
936 3355 978 3407 qr.
999 3337 1116 3388 Gromm.
1137 3330 1179 3385 ed.
1197 3330 1224 3383 2.

110 3426 229 3484 Nannius
256 3421 322 3486 roric
348 3422 384 3478 di
403 3426 495 3490 trahet,
514 3442 565 3478 non
584 3421 650 3487 toric
684 3445 709 3498 p.
729 3429 796 3481 1111
821 3432 847 3479 et
872 3427 941 3493 Pape
962 3424 1026 3474 Lex.
1044 3433 1083 3484 gr.
1103 3417 1133 3470 Τ.
1155 3417 1176 3470 1.
1196 3431 1222 3485 p.

110 3529 157 3579 te,
175 3511 201 3564 id
220 3510 285 3579 quod
299 3525 386 3562 omnes
401 3509 472 3562 codd.
489 3514 545 3562 insti
562 3512 650 3576 (etiam
685 3514 748 3581 7¹4)
774 3519 800 3567 et
821 3512 882 3565 taisa
906 3508 1013 3560 tectione
1038 3500 1068 3555 οἳ
1097 3507 1154 3554 unte
1173 3501 1222 3555 uret

111 3599 190 3666 Aet.)
215 3601 328 3648 tuentur.
367 3596 430 3647 ttein
457 3597 584 3648 Aetnon
606 3614 650 3650 rr·
686 3595 897 3656 advolveretur,
915 3595 996 3646 iocum
1014 3589 1223 3641 attentaritt...

110 3677 317 3750 teerq'ouvruc,
362 3681 407 3734 sed
445 3678 648 3748 τελευτήσαντι.
685 3688 804 3746 παῖδας·
823 3680 856 3746 ἐξ
873 3671 920 3732 m'v
939 3672 969 3730 dd
988 3669 1222 3740 ...τελευτήσαν-

111 3769 230 3836 Deuique
249 3782 295 3833 pro
314 3767 375 3820 uui
398 3762 523 3832 edroi,
542 3767 608 3835 quod
624 3771 650 3820 in
685 3790 736 3833 τις
756 3770 915 3829 οἴονται,
935 3756 1043 3816 edroi
1062 3760 1224 3813 δικαιοῦσιν

109 3853 207 3910 Part
234 3858 287 3915 est,
321 3854 361 3904 cui
387 3853 473 3904 tavent
503 3853 599 3905 Par.3
626 3857 653 3905 et
685 3861 758 3908 nrt:
783 3851 943 3904 transferens
968 3846 1114 3916 „siquidem
1141 3848 1225 3897 antem

110 3939 181 3993 clar.
207 3938 225 3991 2
249 3938 290 3990 uti
314 3938 409 4005 tegitur
434 3941 531 3990 tantum
560 3934 652 4001 edroi,
687 3954 773 3994 omnes
805 3948 944 4002 resurgere
1062 3932 1225 3992 existimant,

110 4024 235 4078 extribeot
252 4023 310 4075 Par.
329 4023 346 4074 2
364 4028 390 4075 et
408 4025 468 4075 Aet.
488 4016 504 4076 ὃ
523 4025 586 4090 (sie)
605 4023 651 4077 sut
686 4023 753 4091 (troc
771 4021 846 4091 ipso)
864 4021 919 4088 ipsi
942 4014 1077 4087 (quoqne)
1099 4013 1228 4085 probant⁴‘

109 4103 210 4175 sisoi,
229 4108 290 4165 Aet.
306 4113 332 4162 et
346 4107 460 4162 Nunnius
481 4107 509 4162 oi
524 4109 589 4178 (sic)
603 4108 651 4164 soi
687 4113 735 4162 etc.
