2708 4666
349 178 613 244 surrutcsuto
634 179 714 244 PRO
737 178 999 246 cultlsmltlS.
1166 178 1228 249 166
1316 126 1345 230 '-

120 352 228 414 divina
241 351 373 430 quadam
389 352 463 432 lege
476 356 510 414 ot
523 353 647 415 ratione
662 354 845 433 invaluisse,
866 355 902 415 ot
915 353 1023 418 vitium
1036 353 1153 418 belluni
1168 370 1228 435 ge·

119 456 177 523 rat'
199 480 267 524 cum
294 463 422 524 virtute.
464 461 517 525 Sic
541 464 635 524 etiam
658 463 953 543 Pythagoreorum
977 465 1127 528 monentis
1153 463 1227 528 eliis

119 575 194 652 igne
218 573 417 652 combustus,
441 573 618 636 Heraclitus
643 577 676 636 et
696 574 908 653 Democritus,
938 575 994 636 ille
1016 574 1226 653 Ephesiorum

117 684 200 746 'urbe
219 683 330 762 pulsus
345 685 405 762 ost,
424 683 476 745 hic
490 681 731 762 Abderitarum,
751 685 892 745 insaniae
910 688 1092 764 accusatus,
1113 688 1147 747 et
1162 684 1225 747 So·

119 797 239 855 erstem
268 793 480 855 Athenienses
510 798 611 855 morte
638 793 835 855 mulctarunt.
878 793 942 856 Sed
969 796 1225 873 quemadmodum

119 904 169 966 illi
183 907 330 980 quantum
346 905 386 965 nd
404 904 550 967 virtutem
567 904 680 964 attinet
694 920 889 981 nequaqnam
903 905 1080 967 deteriores
1093 908 1226 985 propter

118 1014 209 1092 vulgi
224 1015 400 1094 opinionem
419 1015 563 1092 luerunt,
583 1014 627 1074 ita
643 1030 744 1090 neque
762 1015 853 1076 nobis
872 1017 955 1092 quod
970 1017 1010 1077 ad
1025 1017 1110 1078 vitae
1126 1017 1226 1078 recti·

118 1125 259 1185 tudinem
280 1127 416 1204 spectat·
430 1125 579 1186 tenebras
602 1104 764 1185 onnddnnt
786 1125 1037 1188 inconsideratae
1056 1127 1224 1190 nonnullo-

118 1250 188 1294 rum
213 1234 402 1296 calnmuiae:
428 1235 509 1296 bene
532 1235 611 1295 enirn
635 1234 719 1312 apud
739 1235 830 1296 deum
852 1236 1002 1297 audimus
1046 1235 1110 1299 Sed
1122 1239 1225 1299 tamen

119 1344 170 1405 bis
188 1361 311 1421 qnoque
327 1346 505 1406 criminibus
524 1361 694 1407 occurram.
738 1344 927 1422 Quamquam
946 1345 1037 1406 vobis
1052 1363 1101 1406 me
1115 1349 1168 1408 vol
1182 1365 1225 1410 ex

118 1455 159 1515 iis
176 1471 255 1531 quae
273 1456 339 1515 dixi
356 1458 523 1534 purgatum
541 1456 621 1516 bene
643 1455 721 1516 scio.
763 1453 841 1515 Nam
863 1472 956 1531 quum
973 1471 1079 1516 omnes
1103 1456 1225 1518 iutelli-

119 1565 229 1644 gentio
250 1566 426 1642 superetis:
450 1582 580 1642 quornm
600 1566 666 1625 vita
685 1565 726 1625 ad
749 1564 839 1625 deum
860 1567 1072 1640 tamquam'ad
1087 1583 1225 1630 normam

118 1675 283 1752 dirigitur,
312 1678 347 1735 ut
366 1677 578 1752 unusquisque
598 1677 736 1736 nostrum
754 1677 846 1734 eumn
865 1675 989 1736 noxiam
1008 1677 1093 1753 apud
1108 1693 1177 1739 eum
1192 1679 1227 1739 ot

118 1785 397 1863 reprehensionem
413 1786 472 1868 sit,
495 1802 551 1848 eos
563 1802 624 1846 nou
640 1785 793 1864 ignoratis
810 1799 849 1843 ue
862 1784 1085 1861 cogitationem
1101 1788 1225 1863 quidem
1270 1805 1275 1813 *
1307 1866 1310 1880 Ι

118 1911 253 1971 uuquam
275 1894 428 1955 levissimi
455 1895 647 1956 admissuros
675 1892 807 1974 peccati.
850 1893 928 1954 Nam
950 1895 978 1955 si
999 1913 1090 1957 unam
1112 1897 1144 1958 in
1165 1897 1225 1961 buo

119 2077 215 2145 (Legq.
234 2078 255 2130 l.
275 2095 299 2147 p.
317 2076 367 2131 617
385 2079 417 2131 o.
444 2079 479 2132 ll.
496 2095 521 2148 p.
541 2077 593 2133 668
610 2080 656 2149 o).
690 2079 809 2133 videlicet
831 2079 929 2148 accepit
951 2078 1175 2137 tocum'ltbrurluu
1197 2083 1225 2138 ln

119 2163 256 2218 Caeterum
277 2163 520 2220 1162611111.
690 2164 790 2219 modom
808 2163 931 2217 lindneri
951 2164 989 2230 (n.
1007 2164 1047 2233 6).
1082 2166 1224 2224 blembrum

190 2250 216 2302 9.
232 2244 323 2319 Ὑμῖν]
344 2250 372 2303 16
390 2265 423 2303 er
440 2249 499 2303 l'ar.
516 2250 532 2303 1
553 2251 656 2320 reposui
690 2254 773 2302 nutem
793 2245 850 2311 οἷς
869 2241 884 2302 ὁ
903 2247 967 2318 βίος
983 2253 1041 2304 κτλ.
1059 2256 1117 2320 apte
1130 2257 1158 2306 et
1170 2253 1224 2308 ele·
1284 2288 1289 2303 .

119 2350 167 2405 pro
185 2336 294 2390 lectione
311 2336 411 2403 vulgate
429 2328 523 2402 ν’μεῖς,
548 2351 596 2405 qua
614 2340 655 2390 to·
690 2339 780 2403 genem
797 2336 909 2389 membro
929 2336 1046 2404 sequenti
1066 2330 1237 2402 codeces

121 2427 163 2476 tus
179 2421 251 2476 locus
269 2423 440 2491 perturbetur.
466 2421 588 2476 lindner.
600 2422 655 2476 edt-
688 2415 755 2489 μηδ’
771 2423 829 2475 κτλ.
846 2421 1026 2488 praemittitur.

121 2505 172 2561 dit:
189 2501 269 2576 ὁμεῖς
285 2505 336 2576 μὲν
354 2498 405 2562 οὖν
423 2507 483 2575 (sul
500 2502 656 2574 ...ὖπκρ-
758 2507 800 2559 11.
817 2501 944 2575 ἕκαστος]
960 2504 1039 2559 codd.
1052 2508 1111 2561 uasti
1125 2507 1225 2564 eludet

121 2595 308 2664 censorinus)
332 2590 376 2656 cip
399 2596 471 2648 stt:
495 2595 530 2649 tte
554 2593 655 2663 quidem
689 2587 817 2646 ἑκάστου.
842 2592 922 2645 carus
936 2591 1063 2658 genitivus
1076 2595 1225 2663 aperietu-

120 2685 149 2735 ut
162 2682 309 2735 eoactuseit
322 2681 522 2750 comparticipis
535 2675 655 2749 duappp.
688 2679 728 2732 xit
745 2693 759 2731 a
776 2677 893 2747 sequenti
911 2671 1000 2746 ἡμᾶν.
1028 2678 1081 2731 lanu
1090 2677 1225 2734 Gesnerus
1346 2700 1351 2720 ¹

120 2766 256 2821 subaudire
274 2762 334 2822 iuri
349 2767 420 2834 (coll.
433 2782 459 2819 n.
469 2765 515 2834 16)
535 2769 561 2818 et
577 2759 656 2833 incip
689 2763 870 2817 nominativum
900 2763 957 2843 legii
980 2763 1069 2819 votuit
1104 2765 1225 2840 Manuos

120 2848 171 2920 μὶ,
189 2844 242 2910 ode
263 2854 369 2921 iungere
387 2868 442 2906 cunr
460 2852 517 2908 tun
535 2848 655 2916 todem
689 2864 750 2903 vero
779 2843 898 2904 taciem
926 2850 1026 2903 censuit
1053 2851 1225 2919 retinendum,

120 2943 178 2995 ael.
213 2941 344 2993 Mittimus
360 2939 458 2993 futilem
475 2940 654 3007 parenthestnt
690 2936 747 3004 quia
764 2930 917 3004 taonem
934 2936 982 2988 boc
998 2934 1054 2989 loeo
1072 2937 1089 2990 i.
1104 2951 1130 3004 q.
1147 2934 1224 3007 pepi

120 3026 187 3081 illud
217 3020 285 3093 inte
314 3025 363 3078 tem
390 3025 534 3096 Stephanus
558 3026 656 3093 pulavit
689 3020 841 3090 appelletur,
859 3037 888 3075 ae
901 3018 1007 3089 proinde
1025 3022 1224 3086 ,pomorum-

119 3112 271 3182 legendum,
288 3112 368 3165 nteit
387 3102 419 3166 16
437 3106 504 3165 aldo
522 3108 655 3184 61111116-
689 3108 811 3173 cuiusque
823 3105 1003 3173 nostrdm“sit
1015 3105 1225 3171 „carlmannum-

119 3200 228 3269 priebou
253 3193 373 3265 iocunde
397 3191 466 3266 ipis
491 3198 517 3251 b.
536 3214 559 3252 e.
583 3194 656 3265 πρὸς
689 3192 839 3260 cuiusque“.
859 3192 1078 3258 Quemqurmuon
1091 3190 1224 3258 potuitte-

119 3280 204 3355 ipse.
239 3285 331 3337 Vocem
356 3279 478 3352 lpoeordo
501 3284 655 3352 interpretes
689 3278 738 3332 lem
752 3277 865 3332 vocubull
881 3271 1033 3342 ἄνθρωπος
1046 3290 1121 3330 usum
1135 3289 1224 3332 exem·
1325 3271 1329 3279 “

119 3387 230 3428 comum
246 3386 331 3423 mem
347 3368 499 3438 reddidere3
529 3368 657 3437 signifieat
688 3363 738 3433 plis
769 3360 928 3417 confirmare.
969 3362 1000 3415 ln
1024 3360 1099 3444 Arg-.-
1116 3362 1224 3430 primunr

119 3457 310 3524 Athenagoram
327 3455 370 3524 qni
387 3469 522 3524 personum
547 3456 656 3509 cuiusvis
690 3450 812 3519 scriptun
829 3451 869 3502 eet
886 3431 970 3514 Μ,
1001 3446 1047 3502 116
1064 3464 1098 3512 ος
1115 3460 1224 3514 amum,

120 3543 260 3598 6611111111
284 3543 350 3609 agit,
375 3541 471 3595 scillcet
488 3538 657 3604 umatum
691 3539 719 3588 ut
736 3530 855 3589 ἑκάστου
873 3527 954 3604 aipein
971 3525 1008 3588 61
1023 3527 1101 3605 odsqi
1113 3529 1223 3602 pinnato

119 3629 175 3690 eorl.
188 3627 376 3699 ἀνεπίληπτος
400 3622 558 3692 ἕκαστος
576 3620 657 3697 ἡμῶν
690 3621 799 3690 legatur.
829 3619 930 3675 Bodll
945 3634 997 3675 non
1012 3614 1166 3689 dedocens
1177 3619 1224 3675 sed

119 3710 283 3784 ἄνθρωπος.
691 3701 854 3776 ἄνθρωπον.
889 3705 941 3759 rm
958 3701 1036 3777 αὐτῷ
1060 3705 1224 3762 311112.

190 3801 233 3858 1⁰.
255 3797 365 3864 κάκκας
387 3795 522 3870 darcon]
547 3798 657 3854 111612
692 3793 760 3848 Clar-
779 3793 839 3847 sen
863 3787 972 3856 116161,
996 3791 1097 3847 llorell
1115 3796 1142 3846 et
1158 3792 1224 3846 buc.

118 3885 209 3947 1111111
221 3884 452 3958 durppposodm
465 3888 492 3941 in
505 3885 582 3954 durlt,
599 3885 657 3955 quie
690 3877 812 3933 mendose
829 3873 928 3932 αὐτοῦ.
956 3878 1020 3932 lum
1035 3877 1100 3934 Lub.
1114 3880 1142 3933 et
1152 3878 1223 3933 lion

119 3977 153 4033 16
168 3976 219 4032 deo
241 3976 410 4045 imperatores
433 3985 518 4028 sermo
541 3975 589 4027 est
624 3972 656 4024 ln
689 3964 803 4034 placere.

118 4065 185 4134 Arg.
203 4076 281 4134 snpra
298 4059 456 4131 perticipium
474 4057 597 4128 scriptum
615 4059 656 4110 eet
758 4051 800 4106 12
823 4046 1031 4120 ltrwopiwep]
1057 4048 1130 4104 Bodl.
1155 4049 1182 4101 1.
1205 4046 1224 4100 2

117 4152 148 4208 11
161 4154 191 4205 et
206 4165 255 4216 11,
276 4151 307 4202 nt
322 4139 524 4216 ὗκιρφροκιῑκκ
541 4143 655 4212 legatum
690 4133 880 4208 ltereopim.

918 4231 990 4295 11*
