2708 4666
218 147 254 158 ”
330 171 386 240 ne
407 169 740 236 nusuunncurouu
762 175 1019 238 neuruouure
1165 175 1229 242 ese

120 344 258 404 luminae
275 345 441 406 diserinen
453 362 513 407 nee
526 346 592 408 ulle
615 347 654 407 ad
678 306 792 408 eoitnm
816 346 967 408 habilitas
987 353 1042 410 ant
1060 351 1229 427 appetitus.

121 453 235 516 Nullus
260 458 363 516 antem
380 473 471 531 quum
492 458 535 516 sit
556 459 733 538 appetitus,
762 474 863 534 neque
894 460 995 519 coitus
1017 459 1086 519 fleri
1106 464 1230 537 potest;

120 566 207 642 apud
230 582 309 641 qnos
333 549 438 625 antem¹
452 567 558 628 nullus
576 570 627 626 est
645 568 765 644 unitus,
786 584 887 644 neque
906 569 1065 646 legitimus
1091 573 1142 629 est
1162 567 1229 631 eei-

120 680 189 748 tus,
212 677 296 751 quod
311 679 362 735 est
379 677 621 753 matrimonium3
644 678 697 738 nbi
725 681 828 738 antem
853 677 931 764 nibil
945 683 996 739 est
1012 679 1074 739 loei
1089 663 1230 757 legitimo

120 786 236 856 eoitni,
257 803 359 863 neque
388 787 571 864 illegitimus
592 788 716 848 alienae
739 789 847 849 uxoria
871 790 1030 867 appetitus
1052 792 1084 849 et
1108 808 1175 850 enm
1192 807 1230 850 ea

120 898 224 957 eoitus
246 897 348 956 loenm
371 897 515 956 obtinere
537 900 660 975 potest,
691 899 722 958 id
746 900 826 958 enim
850 904 901 959 est
924 899 1120 959 adulterium.
1165 900 1226 960 Sed
1324 970 1329 978 ¹

120 1023 180 1066 nee
202 1006 317 1066 lurtum
339 1009 393 1068 aut
418 1007 530 1084 eupido
553 1008 645 1086 plura
666 1006 802 1068 habendi
819 1027 910 1085 quum
933 1011 1175 1086 interdienntur,
1196 1011 1230 1071 iu

121 1117 284 1178 animabus
313 1119 475 1177 convenit:
505 1119 684 1194 neutiquam
716 1119 796 1177 enim
820 1119 994 1195 indigentes
1022 1125 1094 1180 suut
1123 1136 1229 1180 earum

120 1244 244 1304 rerum,
271 1245 351 1303 quae
366 1227 419 1303 qui
440 1228 479 1287 iis
504 1228 646 1305 indigent
674 1232 806 1306 propter
833 1229 1005 1288 naturalem
1029 1229 1228 1305 indigentiam

121 1342 177 1397 aut
198 1355 287 1397 nsum
304 1335 403 1397 furari
421 1338 526 1399 solent
544 1340 598 1400 ant
617 1355 676 1416 per
695 1340 758 1398 vim
780 1355 912 1416 repere,
935 1339 1022 1399 velut
1046 1355 1153 1400 aurum
1175 1343 1230 1402 ent

120 1454 285 1524 argentum
306 1451 359 1508 aut
375 1449 489 1508 animal
511 1453 565 1510 ant
580 1448 668 1510 aliud
692 1449 849 1525 quidpiam
876 1465 983 1508 eornm
1012 1465 1094 1524 quae
1114 1450 1156 1510 ad
1177 1451 1230 1510 vi·

120 1560 203 1616 etum
227 1561 282 1617 aut
304 1560 452 1618 vestitum
474 1563 528 1620 aut
550 1577 637 1620 usum
652 1564 727 1637 apta
747 1562 840 1634 'snut3
863 1559 973 1619 inutile
995 1560 1076 1619 euim
1098 1562 1149 1620 est
1170 1561 1230 1621 im·

119 1668 249 1727 mortali
264 1673 395 1729 naturae
419 1670 567 1745 quidquid
591 1670 630 1728 ab
657 1669 870 1747 indigentibus
891 1671 1046 1745 tamquam
1065 1671 1144 1731 utile
1169 1689 1229 1750 ap·

121 1778 250 1855 petitur.
295 1777 358 1839 Sed
384 1779 561 1839 uberiorem
591 1780 630 1838 de
656 1779 706 1839 bis
729 1780 825 1839 rebus
850 1779 1092 1855 disputationem
1115 1780 1154 1839 iis
1177 1782 1228 1840 di-

120 1889 278 1949 mittamus
300 1891 352 1965 qui
374 1891 498 1968 singula
514 1889 696 1967 diligentins
709 1889 910 1950 eonsiderare
927 1889 1037 1949 volunt
1059 1893 1114 1949 ant
1129 1889 1229 1950 vebe·
1321 1877 1327 1887 ’

120 2000 255 2059 mentius
279 2001 426 2060 dimicare
455 2017 522 2060 enm
548 2000 750 2060 adversariis.
794 1999 893 2058 Nebis
916 2002 1019 2059 antem
1038 2018 1129 2076 quum
1149 2002 1229 2062 satis

120 2110 184 2170 sint
207 2127 288 2186 quae
312 2110 404 2170 modo
428 2111 512 2171 dieta
539 2112 612 2170 sunt
636 2114 669 2169 et
691 2127 771 2186 qnae
793 2110 843 2169 bis
879 2114 1088 2170 eonsentanea
1116 2127 1227 2172 resur-

118 2222 292 2281 rectionem
330 2221 512 2296 adstrunnt,
538 2221 569 2279 in
607 2220 716 2280 iisdem
750 2220 865 2280 diutius
896 2220 1055 2281 immorari
1078 2239 1139 2282 nen
1166 2222 1228 2284 iam

120 2332 339 2409 tempestivum
364 2331 406 2391 sit
414 2349 422 2406 ;
451 2331 615 2390 nonenim
644 2329 723 2388 nibil
742 2331 998 2406 praetermittere
1021 2347 1062 2390 ex
1090 2332 1129 2390 iis
1145 2349 1225 2408 qnae

121 2441 183 2501 diei
212 2442 346 2518 possunt
376 2441 572 2518 propositum
594 2440 774 2519 nebiensi,
810 2441 867 2500 sed
900 2441 1072 2500 summatim
1103 2440 1153 2501 bis
1173 2443 1225 2518 qni

121 2553 334 2614 convenerunt
364 2551 501 2610 indicere
525 2550 599 2627 qnid
630 2550 669 2610 de
693 2552 926 2611 resurreetione
957 2551 1151 2612 sentiendum
1175 2552 1226 2631 sit,

120 2667 153 2724 et
167 2666 351 2740 argumenta
373 2662 486 2737 quibus
498 2660 559 2720 boe
573 2660 685 2739 dogma
700 2661 810 2722 nititur
823 2663 1058 2722 aeeommodare
1072 2661 1112 2721 ad
1129 2678 1226 2739 prae·

120 2773 253 2833 sentium
274 2772 465 2832 facultatem.

206 2883 256 2941 lb.
292 2879 487 2940 Examinatis
523 2883 626 2941 antem
659 2881 857 2957 aliquetenus
888 2882 927 2941 iis
959 2898 1039 2957 qnae
1062 2885 1226 2960 proposita

119 3118 371 3188 praesentibus
396 3119 530 3168 tractatum
555 3115 654 3183 praele—
688 3133 715 3186 p.
734 3114 799 3168 139:
815 3117 968 3185 ‘‚‚eapaeitali
986 3130 1074 3168 eoru·
1089 3116 1132 3184 qul
1148 3132 1225 3187 prae·
1298 3110 1299 3114 ’

119 3204 158 3273 git
175 3205 369 3272 Athenagoram
388 3203 445 3256 teia
461 3198 655 3267 παρόντων
689 3205 776 3254 sentes
801 3205 862 3255 sunt
886 3200 1104 3268 aeeemmudare“)
1129 3216 1224 3270 cogno·

119 3305 171 3344 nen
198 3294 238 3343 est
259 3305 339 3356 genus
364 3293 481 3342 neutrum
505 3287 602 3356 (Nune.
629 3290 656 3339 et
689 3292 790 3341 rerunt.
832 3290 985 3355 Quamquam
1013 3286 1077 3340 baud
1108 3286 1224 3356 equidem

119 3376 192 3430 editt.
220 3375 263 3443 qui
294 3376 349 3428 eius
374 3375 518 3426 versionem
543 3372 655 3440 repetie-
689 3371 775 3425 dubito
809 3374 868 3441 quin
903 3372 1080 3437 Athenagoras
1117 3374 1226 3430 soluerit

118 3466 195 3514 runt:
215 3462 259 3525 „ri
278 3474 364 3512 eurum
385 3474 448 3528 quae
463 3459 513 3511 iam
537 3459 563 3510 iu
580 3472 655 3526 prae·
689 3457 756 3511 bune
774 3461 908 3510 tractatum
926 3455 1089 3523 etlamlessi
1110 3457 1141 3510 ab
1157 3458 1225 3526 allis,
1316 3507 1318 3519 ‚

117 3546 201 3599 aentla
222 3544 381 3612 diximus“),
412 3543 457 3596 sed
482 3542 656 3607 masculinum,
690 3544 848 3610 potissimum
871 3543 902 3596 rb
921 3541 1072 3595 adversariis
1094 3542 1225 3610 doetrinae
1332 3619 1334 3622 Ι

119 3645 170 3699 que
189 3629 264 3682 iidem
282 3630 423 3683 indicantur
441 3642 504 3697 quos
522 3625 595 3679 medo
616 3625 656 3678 di·
691 3627 722 3681 te
739 3629 936 3682 resurreetione.

118 3718 158 3770 xit
175 3712 242 3776 rode
259 3714 463 3779 συνελθόντας,
482 3719 511 3766 ut
531 3713 656 3766 Nourrlus
774 3713 800 3766 1.
834 3707 1046 3779 Ἐξηιασμὲνων
1089 3707 1120 3764 el
1154 3715 1224 3776 nat]

118 3803 233 3872 (donar.
249 3801 280 3854 ad
293 3802 413 3855 Biblietlu.
429 3802 498 3854 llax.
513 3803 574 3853 vett
584 3798 655 3852 Patr.
691 3798 859 3852 Scholion
886 3798 911 3850 in
930 3812 1010 3864 marg.
1038 3797 1096 3850 Par.
1113 3797 1128 3850 1
1147 3800 1174 3850 et
1189 3795 1224 3849 2:

120 3888 150 3941 Ρ.
170 3889 191 3940 l.
209 3902 235 3956 p.
254 3887 321 3940 480:
340 3890 390 3955 „ad
408 3902 495 3940 eorum
518 3886 561 3954 qul
579 3899 655 3954 qrae-
683 3876 754 3938 ’Ὅτι
769 3875 1107 3952 τῶνᾶπότῆςᾶρχῆςτῆς
1119 3879 1224 3950 sudeu-
1318 3935 1320 3938 ,

118 3979 207 4028 aentrs
225 3973 324 4027 adstant
341 3973 437 4040 ingenii
449 3973 498 4024 vim
515 3985 654 4024 aeeommn·
690 3988 728 4032 me
740 3970 797 4023 teis
805 3965 966 4036 elaborem
975 3964 1138 4038 eddude'toe
1151 3962 1225 4034 ἡμᾶς

118 4057 213 4125 dare“)
231 4062 258 4110 et
285 4060 322 4112 lo.
350 4058 382 4111 A.
409 4058 541 4111 Fabricius
571 4056 653 4124 (fleu.
689 4053 736 4111 lut
759 4053 812 4125 τήν
844 4050 999 4111 ’ἀνάστασιν
1028 4053 1085 4108 πᾶν
1118 4049 1224 4115 mea

117 4145 176 4200 erit.
201 4143 233 4197 t·
258 4143 281 4196 la
306 4146 361 4212 rep.
379 4142 425 4198 des
452 4143 544 4197 lettres
562 4141 592 4194 Τ.
610 4141 653 4194 11.
688 4141 925 4212 καθορμισάπων
943 4134 1105 4195 ἀκόλουθον
1121 4130 1223 4190 καὶά-
