2708 4666
450 204 600 268 onnrro
621 205 678 268 nn
702 205 899 272 onasoos.
1195 212 1238 279 ιι

116 378 204 436 sieut
229 374 430 456 disorimlna,
464 377 511 450 lta
540 381 576 440 ut
605 379 693 441 uliud
714 382 840 458 quidem
862 381 1024 460 pulchrius
1050 384 1110 463 sit,
1152 385 1239 446 aliud

118 502 197 547 uero
218 485 387 564 pulobrum
417 487 476 547 sed
506 490 609 552 umen
636 490 679 549 ab
703 491 768 551 alio
794 493 1021 568 praestantiori
1043 498 1237 571 superatum}

119 596 385 667 Quemadmodum
412 598 494 656 enin
522 600 667 676 eorporis
698 602 882 661 constitutio
910 603 1001 662 unius
1033 606 1083 662 est
1112 604 1237 664 deseri·

119 707 248 785 ptiouis,
269 708 305 766 et
329 706 417 767 eirea
446 705 526 769 illud
553 711 703 769 versatur
726 712 877 769 nascendi
899 729 1012 787 oausa3
1035 715 1069 772 et
1095 713 1239 787 quamvis

121 813 195 877 laec
216 815 266 874 ita
297 832 332 875 se
360 815 513 893 babeant,
555 819 658 879 tamen
682 821 835 895 quaedam
859 824 933 880 sunt
956 822 986 880 in
1012 836 1051 880 eo
1074 821 1238 898 dignitatis

121 926 317 1003 discrimina,
337 928 370 985 et
392 927 479 987 aliud
499 930 549 986 est
569 929 696 1006 oeulos,
721 929 807 989 aliud
831 932 882 989 est
909 931 1006 1008 suris,
1026 931 1115 992 aliud
1137 933 1240 1011 eupil-

121 1035 219 1096 lerum
244 1037 377 1096 ornatus
403 1038 438 1096 et
472 1036 691 1099 intestinorum
723 1039 924 1116 distributio,
970 1043 1004 1100 et
1031 1041 1240 1103 medullarum

121 1150 150 1204 st
171 1146 297 1206 ossium
324 1146 359 1207 et
389 1162 559 1207 nervorum
590 1164 778 1225 compages,
824 1152 857 1208 et
880 1165 972 1224 quum
994 1151 1082 1211 abud
1104 1151 1145 1210 ab
1173 1152 1238 1213 alio

121 1253 263 1331 differat,
305 1271 443 1316 sumum
479 1259 531 1316 est
560 1257 591 1316 in
620 1259 772 1318 communi
795 1258 1017 1319 distributione
1051 1264 1237 1322 concentus:

121 1364 268 1424 similiter
284 1364 432 1442 muudus,
454 1367 623 1426 seeundum
647 1368 786 1427 auctoris
803 1368 852 1426 sui
872 1368 1063 1443 potestaten
1085 1370 1238 1445 quasdam

122 1474 357 1550 splendidiora,
401 1476 555 1552 quaedam
592 1476 642 1536 bis
677 1476 842 1536 dissimilia
872 1477 1044 1552 eontinens,
1074 1477 1238 1537 voluntate

121 1585 244 1663 opideis
267 1585 412 1661 spiritum
435 1585 560 1662 aceepit
587 1586 793 1645 materialem.
848 1583 934 1644 liaeo
961 1587 1065 1644 autem
1094 1585 1238 1663 singulu-

122 1695 173 1754 tim
194 1695 385 1772 perspieere
407 1698 516 1772 potest
544 1697 596 1777 qui
626 1712 687 1755 non
718 1694 857 1772 superbe
880 1695 1004 1771 respuit
1032 1694 1140 1755 divina
1162 1710 1238 1755 ora·

123 1805 209 1883 ruis,
261 1820 345 1881 quse
367 1808 509 1882 tempore
539 1805 733 1882 procedente
764 1804 868 1864 literis
899 1804 1083 1880 consignata
1114 1804 1237 1864 omnino

124 1915 239 1976 unicos
264 1914 327 1974 deo
349 1930 407 1974 eos
429 1914 574 1975 inerunt
594 1915 648 1990 qui
672 1915 806 1974 animum
829 1915 908 1991 ipsis
936 1915 1115 1974 advertunt.
1149 1913 1236 1974 llae-

125 2039 230 2083 moues
250 2025 349 2100 igitm
369 2019 431 2103 (ita
453 2026 534 2096 enim
566 2023 770 2102 appellatis),
813 2040 905 2098 quum
931 2041 972 2082 ex
994 2022 1127 2082 materia
1150 2039 1237 2084 oom-

126 2135 206 2209 peeti
229 2137 350 2211 esseut,
381 2137 415 2195 et
440 2133 585 2212 spiritum
610 2149 651 2192 ex
680 2147 720 2191 ea
749 2131 941 2205 traxissent,
989 2132 1236 2208 intemperantes

127 2398 157 2452 tis
182 2405 246 2453 elo..
264 2429 299 2440 —
347 2399 459 2453 Prorsus
483 2398 557 2452 aliter
581 2398 663 2452 Stoici
698 2395 875 2464 διαγοαφῆς,
924 2398 953 2448 ut
988 2398 1028 2447 est
1060 2393 1087 2447 ln
1116 2394 1185 2448 Fris.
1210 2398 1237 2448 el

129 2483 158 2536 ie
173 2485 255 2538 anima
284 2482 372 2538 mundi
400 2484 538 2537 docebant:
571 2498 663 2552 nempe
697 2482 758 2536 I’er.
775 2480 801 2535 2.

129 2585 176 2624 ιιι
198 2586 251 2624 nou
272 2586 321 2641 pro
353 2569 393 2623 dei
416 2569 516 2638 opificio
546 2568 590 2622 sed
614 2584 662 2637 pro
767 2567 809 2621 12.
823 2560 926 2631 Ὅμως
941 2605 948 2618 .
965 2605 972 2618 .
988 2605 994 2619 .
1008 2561 1236 2634 ποιιιινόμινοι]

129 2655 176 2724 ipso
195 2655 243 2709 deo
261 2656 397 2723 iubebant,
416 2656 459 2723 qui
473 2655 586 2724 seipsum
604 2655 670 2714 ιιιιί-Ι
697 2654 735 2705 lle
754 2656 832 2723 perit.
857 2644 933 2718 ὅμως
957 2647 988 2705 ol
1012 2641 1064 2705 orio
1093 2653 1125 2706 ci.
1147 2651 1234 2704 Klotz.

130 2745 164 2794 rs
179 2741 295 2812 partibus
320 2740 414 2794 mundi
451 2737 659 2794 01.ι.1.ιι8.
697 2737 729 2791 sd
745 2739 838 2798 bever.
856 2736 911 2791 Vol.
929 2738 964 2790 11.
988 2754 1014 2806 p.
1032 2734 1092 2790 679.
1111 2735 1236 2790 biorellus

187 2861 231 2915 pp,
252 2856 308 2928 opp]
327 2859 383 2912 ΗΜ
399 2859 520 2912 Mam„
545 2871 576 2911 ex
600 2857 661 2910 Par·
694 2837 743 2892 pro
762 2817 838 2877 οὕτω
861 2823 953 2876 villose
980 2815 1045 2876 οὔτε
1071 2820 1149 2874 dedit.
1183 2821 1236 2874 l’ro

130 2946 202 3017 ipre
218 2946 290 3013 vulg.
311 2941 344 2999 sd
362 2946 486 3014 reposuit
696 2926 725 2962 ¹¹
743 2907 816 3006 (3⁰²9
833 2908 958 2976 πνεῦμα)
976 2911 1004 2960 tu
1019 2909 1106 2960 forsan
1120 2900 1154 2959 ro*
1169 2906 1236 2959 sorl-

694 3008 795 3064 pserrs:
814 2995 967 3059 doemones,
985 3007 1019 3044 es
1033 2992 1151 3044 moterlo
1165 3006 1237 3042 com·

172 3083 233 3145 ,11.
257 3079 310 3145 τὰς
327 3079 482 3143 deterritae
503 3076 661 3148 lpppsrler]
693 3080 777 3147 pecti,
798 3080 898 3146 spirito
926 3093 960 3130 ex
975 3092 1008 3129 eo
1031 3079 1120 3128 sumto
1137 3076 1236 3126 inuru-

130 3167 213 3234 buidui
233 3168 363 3235 intelligat
382 3171 470 3221 suolor
492 3170 581 3219 nostor
600 3180 661 3218 ver·
693 3167 822 3231 perantes
848 3167 913 3216 etc..
949 3161 1008 3214 Noli
1031 3163 1139 3212 mutare.
1168 3155 1237 3209 Ges·

129 3255 221 3309 sionem
241 3255 312 3308 Lxx
325 3254 505 3323 interpretum,
518 3251 661 3319 quumpli·
696 3262 762 3313 ner,
780 3245 897 3313 Herold,
914 3244 1026 3312 blorell,
1051 3242 1151 3295 Worib.
1185 3254 1238 3293 uon

128 3336 236 3409 leuphis
252 3340 335 3406 bisse,
354 3339 453 3406 graecis
471 3338 584 3403 scilieet,
600 3351 663 3404 per·
699 3325 746 3385 ἄπ’
765 3327 856 3399 αὐτῆς
873 3331 948 3397 (Per.
969 3330 995 3397 1,
1021 3329 1096 3396 Aet.)
1122 3326 1169 3380 sed
1189 3320 1238 3382 ὑπ’

128 3423 259 3492 bmnium
276 3425 416 3495 prepositi
444 3424 577 3477 ilerum.
594 3423 662 3476 con·
698 3412 788 3486 αὐτῆς
821 3416 920 3484 (Eris,
959 3415 1021 3468 Par.
1045 3414 1075 3482 2)
1101 3411 1236 3467 dederuut

128 3510 400 3578 liobsuielss'otios.
413 3511 438 3563 d.
450 3509 528 3578 Apol.
547 3508 662 3577 p.138):
697 3503 751 3557 Pro
768 3521 793 3557 ιι.
804 3504 837 3555 r.
855 3496 903 3570 ‘o'p.
924 3494 997 3571 αὐτῇ
1016 3500 1077 3554 Aet.
1101 3519 1126 3552 ιι.
1148 3516 1174 3554 τ.
1189 3491 1237 3567 ὅμ.

127 3595 179 3662 „Bu
206 3595 267 3651 siud
288 3595 358 3648 wolsl
373 3597 409 3649 im
426 3594 605 3662 Alipemeineu
622 3593 663 3647 die
699 3582 791 3657 αὐτοί.
804 3617 839 3628 -
880 3585 921 3641 ni
941 3587 1018 3640 uerba
1038 3583 1178 3654 σύμπηξιν
1208 3580 1240 3651 ἐξ

126 3680 290 3752 dussprdobe
321 3679 368 3735 der
399 3681 511 3749 heiligen
544 3680 664 3733 Antoren
697 3667 766 3743 ὅλης
788 3669 924 3742 λαβόντες
949 3673 996 3741 (ci.
1023 3688 1045 3726 e.
1068 3671 1111 3725 15.
1135 3686 1161 3724 n.
1189 3668 1238 3740 12)

126 3780 155 3820 ιι
170 3766 322 3835 rerslebeu,
340 3766 437 3818 welche
457 3765 495 3819 uls
515 3764 557 3818 die
576 3761 662 3831 ἑρμη-
698 3766 739 3815 esi
755 3760 871 3815 scholion
894 3758 921 3812 in
937 3774 1018 3824 marg.
1037 3757 1096 3810 Pur.
1113 3756 1148 3809 1:
1177 3754 1240 3809 dui·

126 3855 180 3914 ιιῖς
197 3850 245 3904 des
264 3851 318 3904 sloh
345 3851 543 3905 odeubarendeu
571 3849 663 3903 Gottes
697 3864 781 3916 posse
808 3845 846 3914 [ll.
872 3859 895 3897 s.
923 3842 1009 3910 augeli
1033 3841 1093 3895 boni
1119 3845 1146 3894 et
1168 3839 1238 3910 muli]

125 3938 271 4005 mesebon
299 3936 434 3990 werden.“
453 3966 488 3977 -·
535 3936 587 3991 Pro
614 3931 664 3988 broi
699 3930 834 3987 oirbstoi
859 3926 887 3995 ἐξ
913 3921 983 3996 ὅλης
1003 3925 1052 3981 sol
1070 3925 1175 3989 sidero.
1196 3924 1238 3978 Gi.

124 4022 237 4090 respic
255 4021 364 4088 (divisor
384 4022 422 4076 sio
438 4023 499 4076 l’sr.
518 4019 534 4075 1
552 4021 664 4088 eiAet)
699 4034 726 4072 n.
745 4013 771 4070 9.
811 4015 938 4070 vinnon
960 4013 1009 4065 boo
1031 4011 1087 4066 lore
1114 4009 1185 4080 (ooli.
1215 4024 1237 4062 ι.

126 4107 249 4173 desum,
281 4105 396 4173 lietold,
427 4107 538 4174 liorslb,
565 4106 664 4160 werlb.
698 4102 748 4171 bb)
771 4098 905 4168 δαίμονες
938 4101 966 4150 ut
1001 4095 1067 4166 apud
1098 4096 1238 4163 scriptores
