2708 4666
445 202 594 265 onemo
618 205 675 267 an
702 204 897 273 ooanoos.
1191 215 1235 282 m

117 370 270 431 trueidae.
308 369 342 433 Ie
372 373 426 449 qui
454 372 615 453 Engonaai
646 382 778 441 vocatur
811 383 927 458 premit
956 385 1070 447 animal
1090 391 1233 467 noxium}

118 478 298 540 ethonore
323 480 438 543 adeeta
461 486 512 544 est
537 486 643 561 aquila
668 489 812 565 opidoem
829 491 986 554 bominum
1014 493 1234 561 Prometheum

118 589 287 665 peredeus.
341 590 530 654 Praeclarus
558 598 608 655 eat
636 613 774 677 oppono,
822 603 966 676 quoniam
991 605 1116 671 adulter
1148 613 1233 687 erat;
1350 643 1353 646 ⁴

119 699 279 776 praeclari
303 701 398 762 etiam
422 707 495 764 eunt
518 706 651 766 alternis
673 707 784 769 diebus
808 711 953 772 viventes
976 712 1132 794 Dioscuri,
1151 719 1235 780 tilia·

120 827 184 870 rum
206 808 363 889 Leucippi
383 817 543 892 raptores.
599 815 819 878 Praestantior
841 820 892 879 bis
916 824 966 881 eet
990 820 1128 904 Helena,
1154 844 1235 904 quae

121 921 232 980 relieto
256 922 421 983 davioomo
450 924 594 985 Menelao
622 927 816 1003 mitrigerum
847 932 881 988 et
910 931 1121 994 abundantem
1156 953 1234 999 auro

122 1028 267 1091 Paridem
298 1034 409 1092 secuta
441 1036 500 1093 est.
554 1034 684 1111 Aequus
716 1037 810 1097 etiam
839 1040 963 1100 exstitit
983 1040 1141 1123 Sophron,
1182 1046 1234 1122 qui

123 1138 198 1200 iano
221 1141 421 1201 meretrioem
451 1143 485 1202 in
511 1142 642 1223 Elysios
668 1162 795 1223 campos
817 1148 992 1211 transtulit.
1036 1151 1101 1213 Sed
1129 1171 1232 1231 neque

124 1249 277 1327 tyndaris
306 1251 544 1314 immortalitate
574 1255 691 1315 donata
725 1257 792 1330 θείς
848 1273 885 1316 ao
915 1259 1079 1336 sapienter
1102 1260 1233 1341 Euripi-

125 1359 175 1419 deo
205 1360 288 1420 bauo
320 1363 414 1422 modo
447 1367 671 1424 memoratam·
689 1364 851 1426 mulierem
879 1366 920 1426 ab
954 1367 1070 1429 Oreste
1097 1373 1234 1434 oooiaam

126 1471 227 1531 tradit

205 1583 257 1642 11.
288 1579 451 1649 Quomodo
478 1581 576 1658 igitur
600 1584 688 1644 illam
725 1601 765 1645 ex
797 1585 863 1646 lato
887 1586 1063 1664 genituram
1092 1590 1233 1670 probem,

126 1705 213 1764 quum
233 1689 319 1751 talea
344 1690 412 1752 eiua
436 1693 654 1755 moderatores
684 1695 833 1756 videant
879 1696 1024 1774 Regnare
1048 1698 1141 1776 nolo,
1180 1701 1232 1762 di-

126 1975 161 2036 ιὶς
178 1970 230 2028 ede
248 1969 373 2044 οὐρανόν
400 1976 458 2047 (sed
481 1978 542 2032 dicit
563 1979 658 2034 Noster
692 1985 769 2034 otram
801 1995 831 2035 eo
863 1983 965 2036 nomine
1003 1983 1137 2038 indicatam
1172 2001 1230 2041 erse

127 2057 265 2123 ele’llteie.
289 2063 399 2132 aredio),
441 2054 460 2135 ᾖ
487 2081 573 2134 φησιν
602 2061 656 2120 Εὖ.
691 2065 813 2119 Wortboo
832 2067 970 2124 existimat.
1012 2069 1084 2122 Hane
1103 2069 1231 2137 Tyndarei

127 2149 244 2217 peatdpe,
257 2144 407 2219 ἆνήγαγον.
427 2151 518 2204 Daniel
533 2151 657 2219 (Tatium
691 2148 768 2203 filiam
786 2151 816 2203 ab
834 2152 928 2206 Oreste
939 2152 992 2206 filio
1007 2168 1054 2207 sno
1071 2155 1231 2209 interiectam

127 2237 147 2287 d
171 2235 248 2303 Apol.
272 2250 301 2305 p.
324 2235 371 2304 68)
397 2220 595 2290 ad'Menelao'm
613 2251 657 2288 re·
691 2234 829 2305 Euripides
847 2237 874 2288 iu
895 2238 987 2290 Oreste
1002 2243 1097 2291 narrat.
1119 2238 1161 2293 dd
1174 2241 1230 2293 He-

72 2324 74 2337 '
127 2320 185 2388 tulit,
202 2322 246 2390 qui
263 2322 396 2388 Helenam,
422 2324 515 2392 quippe
537 2323 656 2375 meretri-
690 2321 774 2373 lenam
806 2336 866 2374 vero
897 2322 1022 2391 (scriptor
1052 2329 1128 2392 parit.
1161 2321 1230 2380 ἀλλ’

127 2421 183 2474 orm,
199 2409 227 2461 iu
245 2407 459 2476 eempoolltyeioe
473 2407 576 2462 duxerit
590 2408 655 2474 (μι-
691 2401 761 2467 eddi
775 2407 874 2475 pergit)
897 2407 965 2462 illam
999 2422 1087 2463 recem
1112 2412 1230 2467 referunt

72 2482 74 2491 '
127 2489 334 2560 uerberari).
376 2493 518 2561 Equidem,
549 2495 655 2547 Marone
692 2491 827 2546 Gesnerue
844 2496 871 2546 et
895 2493 987 2546 daniel
1013 2493 1043 2560 (l.
1063 2495 1108 2559 o).
1142 2495 1230 2550 Pabu-

128 2583 268 2647 paeonum,
299 2593 387 2632 rorem
421 2579 461 2646 (in
485 2577 558 2632 codd
583 2581 656 2633 metis
690 2578 757 2631 latur
773 2577 912 2648 Euripides
935 2577 953 2631 1.
979 2595 1001 2632 c.
1026 2578 1094 2633 1361
1112 2595 1169 2648 sqq.
1186 2581 1230 2633 iu·

72 2720 74 2727 ,
129 2665 219 2717 mim
247 2665 353 2735 propria
387 2664 536 2719 miuneeulie
572 2665 655 2718 literis
690 2662 767 2716 oidiee
785 2665 810 2716 ei
827 2664 858 2716 ab
881 2662 974 2717 oreste
998 2668 1109 2726 otruotm
1127 2669 1154 2719 et
1170 2667 1228 2719 too-

72 2746 74 2751 '
130 2750 268 2818 mter)
309 2747 341 2802 de
379 2750 515 2819 Sopbroue
551 2751 656 2820 recipio,
690 2752 743 2801 bom
761 2762 812 2801 non
831 2749 907 2802 ritem
926 2753 1054 2819 ereptam:
1079 2750 1120 2803 oui
1141 2755 1228 2805 tamen

130 2836 190 2889 mm
213 2837 271 2907 lpee
296 2835 418 2889 Tetlauuo
443 2852 466 2889 o.
492 2833 527 2888 31
545 2837 655 2889 mentio-
689 2833 803 2903 periculo
821 2850 835 2886 a
854 2833 901 2887 diis
918 2834 1039 2904 subrepta
1059 2835 1101 2888 eit.
1137 2835 1227 2904 ltaque

130 2935 178 2973 ren
201 2921 271 2977 iecit.
324 2920 513 2974 Celeberrimos
547 2922 570 2974 io
600 2925 656 2975 erat
690 2920 820 2987 lolianus,
838 2925 867 2972 ut
884 2919 1012 2973 interdum
1031 2921 1076 2988 (ol.
1093 2936 1119 2972 n.
1137 2920 1168 2987 5)
1182 2936 1227 2975 oo-

130 3007 315 3077 uineprapbue,
341 3004 373 3058 de
397 3019 448 3075 quo
469 3005 544 3075 pluro
566 3006 654 3077 diapo-
688 3004 733 3072 let,
750 3005 825 3058 ellter
834 3004 955 3058 tradidit:
974 3005 1000 3056 ln
1016 3019 1047 3057 eo
1058 3007 1143 3057 tameo
1155 3009 1226 3057 reete

131 3092 182 3147 tevit
195 3092 270 3146 Rode
292 3093 387 3146 deret
405 3094 431 3145 d.
447 3093 533 3145 deum.
546 3092 653 3146 oreore.
688 3090 765 3143 babet
787 3089 854 3157 quod
877 3090 926 3142 istu
953 3093 1061 3141 mortem
1089 3089 1228 3155 oppetierit

130 3175 151 3227 d
175 3177 244 3232 lietl.
277 3179 350 3232 Tem.
381 3177 430 3230 lll.
460 3178 490 3230 P.
517 3177 544 3230 ll
564 3177 653 3246 (lips.
687 3175 832 3228 violentam.
865 3173 944 3227 Plura
968 3173 999 3225 de
1022 3172 1136 3224 Helenae
1154 3172 1226 3227 exitu

130 3259 197 3332 1313)
216 3279 244 3334 p.
262 3262 299 3317 87
316 3277 389 3332 ηιμ
416 3261 479 3316 adde
495 3263 576 3329 Pauly
592 3263 610 3315 l.
631 3279 653 3316 e.
687 3262 720 3314 in.
734 3260 840 3313 leleott.
864 3274 890 3327 p.
918 3257 970 3310 138
993 3271 1033 3324 oq.
1053 3259 1224 3325 exponuubar.

129 3344 187 3401 len.
202 3350 233 3401 V.
251 3365 279 3419 p.
296 3347 331 3402 31
350 3363 404 3416 eq..
418 3375 454 3386 -
488 3348 653 3401 Tantumab-
687 3373 723 3385 -
748 3345 801 3399 Pro
826 3338 884 3398 tae
900 3337 959 3409 Ὀρ.
984 3343 1044 3395 let.
1071 3337 1129 3396 dud
1148 3339 1224 3412 'Op..

128 3437 160 3485 et
172 3437 201 3487 ut
222 3433 347 3505 placidam
368 3431 484 3486 Helenae
507 3433 652 3486 fruitionem
688 3431 727 3484 cl.
745 3434 879 3500 praeterea
897 3444 919 3481 c.
938 3426 1023 3480 1211.
1042 3425 1087 3481 2⁰.

128 3516 231 3572 denelae
242 3518 397 3588 relinquant,
412 3523 441 3571 ut
457 3519 563 3571 Achillis
577 3519 653 3572 etiam
756 3516 781 3570 1.
803 3515 895 3576 Πῶς..
907 3551 914 3565 .
926 3506 1114 3582 ἀποδέξομαι]
1137 3513 1178 3569 cf.
1199 3530 1222 3569 c.

127 3605 219 3659 utrae
241 3606 319 3659 mem
342 3607 403 3673 poet
432 3605 483 3657 late
511 3605 539 3657 iu
564 3603 652 3672 Elysio
686 3601 712 3656 3.
731 3616 756 3654 ιι.
773 3600 800 3654 4.
819 3600 964 3654 Sanane:
982 3599 1041 3653 Non
1058 3614 1072 3652 a
1090 3601 1222 3669 iatopeu-

126 3692 234 3760 metare
250 3705 303 3744 neu
320 3705 386 3744 unue
400 3694 488 3744 auctor
500 3691 652 3743 ornaverit.
686 3686 730 3740 det
744 3687 875 3754 genitum
894 3699 951 3738 nam
972 3684 1146 3738 moderatores
1167 3686 1226 3754 iuti,-

126 3771 157 3827 31
184 3776 294 3830 Selectt.
318 3776 380 3829 brea
413 3779 440 3829 et
467 3775 505 3828 llt.
536 3789 562 3843 p.
590 3774 651 3829 201.
685 3772 769 3825 sidera
784 3787 860 3841 supra
883 3787 920 3824 oc.
942 3769 958 3824 3
981 3775 1008 3823 et
1026 3769 1060 3823 13
1076 3775 1222 3842 memorate,

125 3858 237 3916 helion
252 3863 281 3914 in
298 3875 377 3928 marg.
395 3860 456 3914 Per.
472 3860 503 3913 1:
519 3856 653 3928 Ἀχιλλιιὶς
685 3858 732 3911 sub
747 3856 851 3910 deorum
864 3856 1007 3909 nominibus
1016 3856 1147 3908 molitione
1160 3854 1222 3909 dae-

123 3941 232 4010 tmote
246 3941 388 4008 ’Htootoor
412 3948 553 4001 moenaio
575 3943 650 4013 λέγι·
686 3957 786 3995 ιιιοιιιιιιι
818 3955 851 3994 ex
882 3943 1004 4010 improbis
1030 3940 1173 3993 bominibus
1195 3946 1223 3994 et

121 4047 162 4087 mr
191 4032 228 4105 τῇ
257 4032 373 4102 Μηδείᾳ
408 4031 457 4086 eet
487 4031 524 4102 τῇ
547 4025 650 4102 Ἑλένῃ.
686 4028 833 4083 animalibus
850 4027 973 4092 originem
994 4027 1095 4092 babent,
1110 4024 1222 4093 ideoque

183 4118 229 4173 17.
259 4112 280 4188 ἦ
312 4117 466 4189 Τυνδαρὶς]
503 4117 652 4186 clytemne-
685 4113 748 4170 nibil
779 4112 864 4166 velent
897 4126 945 4165 nee
973 4111 1168 4165 dominationem
1192 4111 1220 4163 tn

150 4205 229 4274 corp.
247 4203 333 4275 Apoll.
357 4203 413 4258 Vol.
438 4205 481 4258 Vl.
989 4198 1010 4261 4
