2708 4666
342 179 604 250 sunnnrcsmo
625 183 705 277 nno
727 176 989 247 cnmsmsnrs.
1024 270 1029 281 Ι
1159 177 1221 244 155
1299 218 1302 228 .

182 353 343 423 Pervertit
352 359 384 422 et
394 355 485 421 ilium
495 355 619 442 ingenti
628 353 772 421 mercede
783 375 896 420 nornen
907 355 942 418 in
950 374 1044 419 munes
1052 368 1224 440 opponens.

187 462 290 531 Manu
310 465 412 551 igiter
432 470 570 553 utruque
594 467 768 532 Suirrrnius
794 464 958 531 iaculetur
977 463 1224 552 respirationem

369 576 510 663 pectoris
535 576 668 642 obstulit

191 684 366 762 Celeriter,
388 685 567 773 ardensque
574 683 702 775 fulmen
725 685 851 778 inflixit
873 687 1013 751 moriem.

123 800 188 860 Ant
201 800 298 877 igitur
314 800 356 858 dii
371 803 479 878 erent,
498 804 530 859 et
546 818 646 877 neque
662 818 718 861 eos
734 801 802 861 auri
824 799 969 876 capiebat
986 813 1072 857 amor

189 903 209 983 (
216 907 246 970 0
259 927 391 982 curum,
413 928 524 971 nunus
538 909 710 972 munimem
727 905 930 979 mortalitor,

188 1014 259 1081 Nec
279 1021 382 1081 muter
400 1016 470 1082 ullu
492 1020 615 1082 mulum
639 1016 733 1083 lubet
756 1015 956 1091 dulcedinis,

187 1123 259 1190 Nec
278 1127 360 1190 nuti.

121 1238 241 1298 Numen
256 1241 335 1298 enim
353 1241 438 1299 nulla
455 1257 491 1300 re
507 1243 627 1319 indiget
641 1242 673 1301 et
689 1243 859 1318 cupiditate
875 1241 1020 1318 superins
1036 1236 1110 1313 est.)
1125 1254 1239 1314 nequer

122 1349 351 1408 moriebantur:
375 1351 429 1409 ant
459 1350 600 1411 homines
620 1369 711 1428 qsnm
735 1355 856 1426 essent,
885 1351 1018 1427 improbi
1034 1350 1074 1408 ob
1097 1348 1227 1426 imperi-

124 1460 199 1518 tiam
219 1466 309 1518 erant
323 1461 357 1518 et
370 1462 520 1536 pecuniae
535 1462 647 1539 cupidi.
681 1461 760 1531 ouis
777 1478 855 1539 opus
870 1463 921 1519 est
941 1476 989 1519 me
1005 1461 1095 1536 plura
1110 1460 1227 1538 dicere,
1320 1438 1323 1445 ¹

124 1569 177 1628 vel
195 1567 354 1628 Castorem
370 1570 422 1628 vel
435 1570 594 1631 Pollucem
609 1571 662 1632 vel
676 1571 896 1648 Amphiaraum
913 1573 1142 1646 memorantem,
1164 1571 1228 1649 qui,

123 1683 159 1738 nt
181 1680 226 1738 ite
249 1680 365 1754 dicam,
397 1680 467 1740 heri
487 1684 519 1740 et
542 1683 653 1742 nudius
676 1683 788 1741 tertius
820 1681 961 1740 homines
992 1696 1032 1740 ex
1055 1675 1228 1739 hominibus

124 1791 208 1869 nati,
231 1807 290 1867 pro
311 1790 371 1849 diis
393 1790 564 1868 habentur,
586 1809 678 1868 quum
694 1792 792 1869 ipsam
816 1790 870 1850 lno
887 1794 961 1869 post
978 1789 1116 1849 furorem
1141 1793 1174 1850 et
1190 1808 1227 1850 ea

94 1948 97 1954 .
125 1915 205 1975 quae
224 1917 265 1959 ex
281 1899 387 1960 lurore
400 1917 553 1978 perpessa
570 1904 620 1960 est
635 1902 813 1962 existiment
828 1901 917 1960 deam
933 1900 1046 1961 iactam
1063 1914 1146 1977 esse,
1258 1881 1260 1888 ¹

188 2002 356 2094 Nuusrugi
382 2006 593 2073 Leucotheam
617 2006 887 2093 cognominalem,

125 2123 156 2179 et
176 2121 273 2180 lilium
294 2121 385 2180 eiust

123 2363 203 2428 (Bon.
220 2367 248 2415 el
265 2363 350 2430 Mon,
372 2362 417 2415 sel
434 2364 461 2416 in
479 2363 527 2416 boc
543 2356 659 2431 euprcsi
692 2377 792 2431 qnoque
820 2361 890 2414 Pelr.
921 2361 1042 2426 agnoscit.
1095 2361 1230 2430 Snperlluc

123 2450 230 2503 hebetur
248 2450 292 2517 δε)
316 2449 438 2518 praebent
457 2449 536 2502 Gess.
555 2448 657 2503 blerell.
691 2448 769 2515 igitur
793 2447 901 2500 Gesneri
927 2446 1068 2498 conlectura
1090 2449 1120 2499 ei
1136 2466 1170 2514 ps
1187 2449 1233 2503 δεῖ

122 2537 253 2590 Reobenb.
271 2536 386 2587 Deebcir.
691 2551 722 2588 rr.
740 2530 835 2600 λέγειν.
870 2531 938 2586 Elin
956 2532 985 2583 τί
1001 2548 1035 2597 με
1054 2549 1084 2586 π.
1102 2529 1198 2601 λέγειν.

191 2619 233 2673 12.
256 2615 314 2683 Ὡς]
347 2617 472 2672 Perticnls
497 2619 523 2670 in
549 2615 657 2684 exempl.
760 2621 803 2675 15.
826 2613 992 2686 Ἀμφιάρεω]
1021 2616 1087 2670 lut.
1113 2613 1229 2687 Ἀμφιά-

123 2721 172 2761 non
193 2710 233 2759 est
250 2703 343 2773 [neque
362 2707 402 2756 est
417 2704 444 2755 ln
461 2704 568 2754 coeteris
587 2700 658 2754 coll.
693 2723 771 2774 pene.
791 2733 823 2744 -
859 2704 897 2757 cl.
918 2719 940 2757 c.
959 2701 1001 2756 17.
1021 2718 1047 2753 n.
1066 2704 1091 2755 2.

122 2789 221 2859 melich
247 2805 315 2855 esm,
335 2787 401 2857 quel
418 2788 561 2840 necessarie
579 2791 657 2848 esset,
760 2789 801 2842 16.
818 2784 892 2853 '1an
912 2789 976 2856 Arg.
995 2785 1054 2840 lesi.
1078 2783 1140 2841 Mox
1156 2787 1230 2841 Bell.

121 2876 203 2931 ellim
221 2889 255 2927 ex
271 2875 325 2927 eliis
342 2874 485 2926 auctoribus
499 2873 541 2941 qni
556 2873 657 2924 eosdem
693 2874 718 2926 1.
735 2873 753 2926 2
772 2868 809 2934 oie
827 2888 873 2942 pro
891 2869 948 2926 int.

121 2964 200 3018 citent
218 2976 316 3013 versus.
344 2959 506 3026 Stephanus.
541 2957 603 3011 lnle
621 2951 659 3020 cic
761 2959 803 3012 17.
824 2954 936 3010 Πόντον
1004 2955 1175 3024 κεκλήσεται]
1194 2958 1229 3012 lli

121 3047 239 3116 pervenit
255 3046 281 3096 in
300 3059 386 3096 omnes
404 3044 582 3109 Athenagorae
604 3041 658 3094 edi·
693 3041 742 3095 dno
766 3059 871 3107 sersus,
897 3042 927 3094 sb
945 3041 1109 3108 Athenagora
1127 3045 1230 3109 servati,

120 3133 215 3186 tiones.
268 3130 333 3195 Arg.
365 3128 428 3181 Lub.
459 3129 530 3183 hlcn.
564 3129 660 3182 habent
693 3140 726 3178 ex
750 3126 887 3194 Euripiden
911 3127 991 3178 lnone
1022 3125 1130 3179 desnmli
1161 3131 1230 3178 sunl.

119 3212 237 3272 muisis
255 3211 318 3280 ἔχει.
694 3209 732 3262 cl.
751 3211 841 3262 blelth.
860 3226 885 3279 p.
905 3210 965 3273 205,
983 3211 1109 3277 Hartung.
1128 3227 1152 3279 p.
1169 3211 1230 3277 463,

190 3300 233 3353 1³.
252 3293 317 3352 οὔτι
333 3293 446 3364 tutos]
461 3297 536 3351 clere
550 3311 659 3364 respon·
692 3295 809 3361 Wagner.
834 3311 859 3364 p.
876 3295 936 3349 217.
960 3324 994 3334 -
1029 3293 1157 3361 Πόντος,
1182 3312 1229 3367 pro
1344 3330 1346 3335 .

120 3387 164 3441 bet
178 3385 340 3455 praecedenti
357 3377 438 3437 οὔτε
454 3387 502 3435 etc.
528 3381 659 3435 Eiicienda
692 3374 821 3444 Πόντου,
838 3379 912 3431 boll.
931 3381 956 3434 1.
974 3380 999 3434 2.
1018 3382 1079 3434 Aet.
1114 3384 1143 3435 ln
1162 3384 1228 3438 Lub.

118 3469 328 3526 menithinin.
348 3469 423 3522 verbs
448 3462 513 3522 cire
534 3463 658 3535 ciuilisq-
691 3466 835 3533 πλανῆτες.
872 3467 934 3519 cum
959 3462 1107 3534 ἐπώνυμον
1125 3469 1230 3523 subendl

119 3574 198 3625 mcv,
215 3559 259 3608 sut
275 3555 384 3619 (iacnt.
398 3554 507 3621 poster.)
525 3553 658 3619 legendum
691 3551 772 3603 enimc
791 3546 947 3604 nuticocce.

119 3634 327 3712 „cicrcllvrp‘cnor
346 3639 399 3691 soll.
418 3634 452 3691 τὸ
469 3640 577 3692 cetov‘t
611 3639 660 3692 Ni·
760 3633 801 3687 18.
819 3634 866 3688 nui
880 3631 930 3688 ris
945 3639 1035 3692 παῖδα
1051 3633 1153 3708 αὐτῆς]
1168 3639 1228 3693 Scil.

118 3730 211 3782 mirum
247 3724 406 3793 parenthesis
440 3723 539 3788 signum
571 3723 658 3790 inepte
691 3715 762 3773 oste
786 3720 845 3785 δοξ.
873 3721 1023 3790 γεγονέναι.
1059 3725 1105 3776 lno
1123 3725 1229 3792 eiusque

118 3811 207 3880 pessit
230 3814 288 3878 post
314 3804 507 3878 cinitonem,
531 3825 582 3862 non
600 3813 658 3878 post
692 3805 758 3858 lilius
776 3806 921 3861 Melicertes
938 3814 1010 3877 post,
1032 3825 1104 3877 quem
1122 3810 1148 3861 in
1163 3808 1229 3861 'less

117 3896 213 3950 Ostur.
692 3891 802 3944 marinos
821 3894 908 3946 mulcti
924 3899 993 3960 sunt,
1011 3895 1068 3948 eliis
1087 3895 1228 3949 nominibus

189 3977 232 4033 14.
255 3979 291 4032 Ti
304 3975 419 4043 betete]
438 3977 615 4044 Athenagoras
631 3977 658 4031 iu
692 3977 859 4031 vocabantur:
875 3979 916 4033 ills
928 3977 1100 4046 nassovius,
1114 3980 1227 4032 hicllu·
1312 3959 1341 4018 ·'

118 4065 166 4118 bre
184 4062 304 4131 loquenti
320 4063 436 4128 formula,
454 4077 502 4130 qne
517 4077 593 4132 ssepe
607 4064 656 4116 uti·
693 4061 833 4129 iulporce.
868 4065 907 4118 ct
925 4065 1043 4136 Apolloni.
1059 4065 1107 4118 111.
1123 4062 1149 4130 l,
1167 4063 1184 4116 3
1200 4065 1228 4117 et

118 4153 177 4216 ter,
200 4147 279 4202 hebet
302 4147 383 4203 nbirls
408 4148 464 4204 dei:
489 4147 516 4202 il
529 4146 600 4219 quod
618 4149 659 4203 hle
692 4147 1081 4220 autumnitatem.
