2708 4666
360 201 623 264 supplicarlo
646 203 725 265 PRO
749 202 1010 267 cflxlsrldllls,
1179 205 1239 270 111

131 373 213 434 vixit
232 372 355 450 aetate,
385 373 510 434 Parium
538 375 641 434 autem
666 372 841 436 Alexandri
864 376 897 434 et
920 375 1046 451 Protei;
1066 373 1241 437 Alexandri

132 482 238 543 adhuc
272 484 304 542 in
330 483 401 543 foro
434 485 611 561 sepulcrum
643 485 675 542 et
698 485 894 544 simulacrum
918 487 977 544 est.
1020 484 1068 543 Ac
1093 488 1240 545 caeterae

132 592 258 667 quidem
281 595 405 651 statuae
429 591 585 670 Neryllini
612 594 767 669 publicum
790 596 1000 653 ornamentum
1026 596 1112 667 sunt,
1143 595 1240 668 siqui-

133 701 205 761 dem
236 704 269 760 et
297 701 348 761 his
371 706 501 762 ornatur
523 702 653 776 civitas,
684 718 745 760 una
769 705 871 761 autem
895 719 935 759 ex
958 702 1022 760 illis
1051 707 1084 760 et
1112 702 1240 762 oracula

132 811 231 869 edere
245 813 277 869 et
292 828 407 888 aegros
417 829 530 870 sanare
547 810 754 885 existimatur,
776 827 812 869 ac
827 816 997 887 propterea
1015 827 1105 870 sacru
1121 810 1239 870 iaciunt

131 922 163 979 et
184 937 262 978 auro
280 921 403 979 illinunt
422 925 453 979 ot
473 923 625 979 coronant
648 920 783 977 statuam
801 920 1008 978 Troadenscs.
1053 919 1143 987 Quod
1160 936 1239 980 vero

131 1029 173 1086 ad
199 1028 374 1087 Alexandri
404 1032 436 1087 et
464 1029 572 1087 Protei
605 1029 732 1103 statuas,
759 1032 882 1103 spectat
914 1028 1007 1100 (hunc
1036 1031 1138 1086 autem
1176 1043 1238 1087 non

130 1137 286 1212 ignoratis
313 1154 348 1195 se
375 1139 404 1196 in
422 1136 523 1214 ignem
540 1138 623 1195 circa
639 1136 812 1212 Olympiam
836 1137 1008 1212 iniecisse),
1031 1135 1123 1194 huius
1145 1136 1238 1195 etiam

129 1246 235 1303 statua
257 1246 384 1304 oracula
402 1247 515 1304 dicitur
538 1246 652 1320 edere,
672 1244 845 1302 Alexandri
865 1248 968 1302 autem
990 1247 1115 1304 statuae

193 1345 216 1436 [
219 1347 342 1436 infelix
369 1350 479 1426 Poris,
500 1347 606 1430 formo
629 1348 859 1434 pulcherrime,
880 1345 1070 1435 mulierose]

128 1462 284 1520 sacrificia
308 1463 442 1537 publicis
465 1463 617 1521 sumtibus
641 1463 672 1518 et
693 1461 761 1519 dies
785 1460 860 1518 sesti
888 1463 1041 1536 tamquam
1059 1463 1239 1523 exaudienti

129 1572 191 1630 deo
206 1575 409 1647 peraguntur.
453 1571 559 1630 l'trum
580 1571 675 1647 igitur
696 1569 879 1646 Neryllinus
901 1572 933 1628 et
954 1569 1090 1631 Proteus
1106 1574 1138 1630 et
1156 1571 1237 1631 Alo-

127 1681 250 1739 xander
272 1680 350 1737 haec
366 1680 449 1737 circa
466 1681 587 1737 statuas
605 1682 776 1753 operantur
791 1696 829 1736 an
846 1676 915 1754 ipsa
933 1681 1082 1738 materiae
1098 1649 1237 1740 naturai

126 1788 324 1848 Armaouira
350 1803 404 1845 aes
428 1789 486 1844 est.
530 1786 609 1854 Quid
632 1787 755 1845 tandem
780 1805 835 1846 aes
860 1804 919 1865 per
946 1805 981 1847 se
1006 1792 1129 1866 potest,
1153 1791 1236 1864 quod

126 1913 239 1956 rursus
261 1896 351 1953 aliam
381 1897 411 1953 in
443 1895 572 1953 sormam
603 1893 770 1970 diffingere
799 1897 890 1972 licet,
920 1897 1006 1956 velut
1034 1899 1151 1975 pelvim
1180 1899 1235 1958 illu

127 2006 212 2081 apud
241 2003 433 2063 Herodotum
467 2003 616 2061 Amasis?
649 2001 832 2078 Neryllinus
862 2008 964 2065 autem
987 2009 1020 2065 et
1047 2007 1181 2066 Proteus
1204 2009 1236 2065 et

128 2250 186 2303 Par.
207 2251 219 2302 1
241 2249 301 2302 eli
328 2253 427 2302 munci:
459 2250 569 2302 Τοῦτον
593 2247 663 2320 λέγει
699 2250 773 2307 911.
800 2254 838 2305 Cl.
858 2269 879 2306 c.
896 2253 939 2306 91.
960 2270 984 2305 ιι.
1004 2254 1029 2306 1.
1056 2253 1154 2307 Deinde
1170 2251 1234 2306 iuu-

127 2332 248 2401 llpmre'cr
270 2333 332 2400 napi
358 2327 394 2386 οὖ
417 2334 577 2396 Λουκιανὸς
596 2333 663 2403 ppei·
699 2334 749 2390 τόν
768 2353 799 2389 ex
819 2339 876 2390 Par.
896 2339 919 2389 1.
939 2338 964 2389 2.
990 2337 1064 2391 Bodl.
1084 2339 1107 2389 1.
1127 2338 1152 2390 9.
1175 2340 1233 2391 Aer.

125 2439 190 2487 φει,
220 2412 255 2472 ὃν
285 2416 389 2480 ἐκεῖνος
421 2418 469 2472 uui
496 2423 664 2487 llrpaypiuov
698 2422 790 2473 reduxi
820 2436 867 2489 pro
898 2421 964 2486 vulg.
991 2417 1086 2474 αὐτόν
1122 2424 1174 2475 Pro
1201 2416 1234 2475 ὃν

124 2509 210 2558 aciei.
697 2524 797 2572 perun.
817 2498 923 2571 Arg
901 2524 1098 2572 ωιμειαιι,-
1065 2506 1154 2559 —Dc
1173 2522 1234 2558 sen-

194 2589 237 2641 13.
264 2588 450 2656 Napuilivuo]
486 2589 560 2641 Bodl.
585 2590 609 2642 1
636 2590 661 2641 2.
697 2593 776 2642 tentia
807 2592 838 2642 cl.
866 2591 947 2657 Epist
974 2588 1004 2642 ad
1030 2591 1122 2657 Dlugrr.
1154 2605 1176 2642 c.
1201 2591 1233 2661 23

123 2675 182 2727 Aet.
204 2675 380 2739 Naprlltmuo
697 2675 754 2726 coll.
774 2676 832 2726 libr.
852 2691 933 2726 mcum
959 2675 997 2727 De
1015 2675 1064 2741 Ep.
1083 2675 1113 2726 ad
1131 2675 1235 2742 Diopn„

192 2757 236 2811 14.
266 2759 353 2826 εἴπερ]
387 2759 458 2810 Bodl.
484 2758 508 2809 1.
532 2754 598 2810 2
582 2755 661 2822 orric.
697 2757 736 2811 ed
754 2759 827 2826 9,ρ.
846 2758 888 2811 99.
926 2761 1068 2826 Amasis,
1093 2760 1234 2828 Aegyptiu-

124 2842 237 2896 Gcaner.
267 2843 329 2895 male
357 2842 483 2895 reddidile
514 2859 590 2911 „nam
621 2845 661 2897 luis
696 2860 752 2896 rum
777 2860 839 2911 rex,
867 2850 895 2895 ul
913 2845 1059 2897 Herodotus
1081 2846 1116 2898 ll.
1141 2843 1233 2897 c163

123 2943 226 2996 quoque
244 2928 330 2979 civiles
349 2929 483 2980 ornatur.“
697 2929 793 2993 reteri,
815 2943 891 2993 quum
910 2929 939 2978 ab
958 2927 1008 2979 illis
1027 2929 1131 2979 minoris
1150 2927 1232 2995 fieret,

190 3013 235 3064 15.
255 3008 362 3079 adroic]
383 3014 461 3063 Deest
479 3013 503 3063 in
522 3012 586 3063 Lub.
697 3026 727 3061 eo
754 3012 820 3078 quod
844 3026 895 3062 non
922 3015 991 3063 esset
1019 3011 1150 3077 splendido
1177 3013 1233 3063 loco

191 3095 234 3149 16.
255 3095 295 3162 re]
316 3097 389 3147 Bodl.
406 3098 419 3147 1
440 3092 525 3148 99-
542 3096 661 3147 Decluair.
697 3100 780 3161 natus,
799 3094 882 3161 lepido
901 3099 1042 3147 commento
1061 3093 1145 3161 populi
1166 3093 1232 3146 iudi·

122 3176 422 3245 inhellegida’cru’rdv.
444 3181 594 3232 Nonmulo.
614 3180 661 3230 list
696 3182 760 3231 cium
796 3179 943 3244 castigarit5
977 3177 1099 3244 siquidem
1131 3193 1232 3230 auream

122 3263 158 3318 δι’
177 3259 252 3317 αὐτοὶ
270 3270 380 3332 propter
397 3281 443 3328 eo,
465 3266 491 3316 iu.
510 3280 532 3315 e.
556 3268 661 3331 propler
696 3263 796 3331 pelvim,
815 3278 877 3329 quae
893 3267 943 3312 lum
959 3263 1079 3313 suisium
1097 3276 1232 3328 procerum
1254 3276 1259 3285 ·

121 3350 223 3402 oracula
242 3353 269 3401 el
286 3350 429 3400 ruariorum
449 3350 614 3400 sanationem.
696 3347 801 3414 pedibus
816 3346 927 3398 lavandis
942 3344 985 3397 diu
1003 3350 1123 3414 usurpala
1140 3347 1231 3414 luerat,

192 3433 235 3485 17.
254 3428 420 3498 ἀνδριάντα]
440 3433 513 3485 Bodl.
533 3432 558 3484 1.
575 3426 660 3483 adv·
695 3432 721 3483 in
745 3430 786 3483 dei
812 3431 972 3482 simulacrum
1004 3432 1116 3481 converti
1147 3431 1232 3499 iussit,

121 3518 187 3584 «ipa
696 3515 832 3583 quodcum
849 3514 971 3579 singulari
988 3515 1151 3567 ueneratione
1169 3529 1232 3583 pru-

192 3602 235 3655 18.
256 3595 283 3665 ὁ]
301 3602 499 3665 lieeslinArg.
528 3600 658 3653 vercel.
695 3602 865 3666 sequerentur
890 3599 1026 3666 Aegyptii.
1054 3598 1115 3650 illud
1141 3614 1232 3668 nempe
1311 3648 1320 3662 ,

120 3687 243 3753 Prolegp.
262 3701 285 3738 c.
303 3687 359 3739 llll.
379 3701 404 3753 p.
424 3685 540 3738 Lxxlll.
695 3684 865 3745 simulacrum,
883 3682 948 3750 quud
963 3698 995 3734 ex
1010 3683 1053 3735 vrlr
1067 3684 1133 3750 pelur
1146 3687 1231 3736 trans

190 3772 233 3823 19.
252 3772 291 3837 τῷ
310 3768 340 3823 di
360 3771 412 3822 rori
430 3765 491 3836 Aa]
517 3770 581 3835 Arg.
601 3763 659 3821 md·
694 3771 827 3821 lormalum
843 3772 921 3833 esset,
942 3768 1019 3820 nihilo
1037 3770 1116 3833 megia
1134 3769 1232 3820 honore

120 3857 160 3910 tui
179 3852 350 3920 ἀλεξάνδρω.
694 3851 865 3918 alliciendum,
893 3866 966 3919 quam
985 3868 1013 3905 se
1032 3853 1074 3920 qui
1094 3867 1125 3904 ex
1143 3852 1231 3904 humili

188 3939 232 3994 29
258 3937 439 4004 Δύσπαρι..
453 3935 658 4004 .γυναιμαιες]
693 3939 793 3989 1οιῑιιιιι
811 3938 841 3987 ad
861 3938 956 4002 regiam
973 3935 1155 3990 adscendisset.

117 4024 265 4078 llemerll.
275 4024 371 4077 11139.
390 4022 475 4075 Adeas
488 4038 603 4090 supran
615 4021 657 4076 12.
761 4020 804 4072 29.
824 4017 866 4088 al]
884 4020 985 4074 llorell
999 4021 1062 4075 Duc
1075 4021 1172 4073 Mercu.
1186 4032 1230 4071 er-

187 4109 233 4162 91.
251 4107 312 4177 tut]
331 4107 430 4163 Ριι..2
456 4108 520 4173 Arg.
544 4106 657 4160 Bodll.
692 4119 753 4158 rure
777 4106 927 4157 omiserunt.
