2708 4666
220 141 254 155 ”
332 167 395 260 ou
409 163 743 233 mmanucuronn
764 172 1021 236 uonnuonuu
1167 173 1231 240 aaa

123 340 260 401 laminae
277 342 443 403 discrimen
456 360 514 404 nee
527 344 594 404 nlla
617 345 657 405 ad
679 345 794 406 auitum
818 344 968 406 habilitas
990 349 1044 407 aut
1061 348 1232 425 appetitus.

123 449 237 512 Nullus
262 455 365 513 autem
383 471 474 529 quum
493 455 537 513 sit
558 456 735 535 appetitus,
764 472 866 532 nequa
896 457 997 516 eoitns
1020 457 1088 517 fleri
1108 463 1232 536 potast3

123 563 209 639 apud
231 579 311 639 quos
335 546 440 622 autem
454 565 560 625 nullus
579 568 629 623 ast
647 566 767 641 ooitus,
789 582 889 641 neque
908 567 1067 644 legitimus
1093 571 1144 626 est
1164 566 1231 628 uoi-

123 676 191 745 tas,
214 673 298 748 quod
313 677 364 732 est
381 675 623 749 matrimonium
647 675 700 735 ubi
727 679 830 736 autem
855 675 932 736 nibil
947 681 998 736 est
1014 677 1076 737 loui
1091 662 1232 755 legitimo

123 783 237 853 eoitui,
259 800 361 859 neque
390 785 572 862 illegitimus
594 785 718 846 alienae
741 786 849 846 uxoria
873 787 1032 863 appetitus
1054 789 1085 846 et
1110 805 1177 847 oum
1194 805 1232 848 ea

123 894 226 954 eoitus
248 893 350 953 laeum
374 894 516 954 obtinere
539 899 662 972 potest,
692 895 724 954 id
749 897 828 955 enim
852 901 903 955 est
926 896 1123 957 adulterium.
1167 897 1228 958 Sed
1325 969 1332 977 „

123 1020 182 1063 nee
204 1003 320 1064 furtum
340 1007 395 1065 aut
419 1005 532 1082 cupido
555 1006 646 1082 plura
667 1005 804 1066 labendi
821 1024 912 1081 quum
935 1007 1177 1084 interdicuntur,
1197 1009 1231 1068 id

123 1113 285 1174 animabus
315 1116 477 1174 convenit:
507 1117 684 1192 nentiquam
718 1117 798 1176 enim
822 1116 996 1193 indigentes
1024 1122 1097 1176 sunt
1125 1134 1231 1178 aarum

123 1240 246 1302 rerum,
272 1242 353 1300 quae
368 1225 421 1300 qui
443 1225 481 1284 iis
505 1226 647 1303 indigent
675 1231 808 1305 propter
835 1227 1007 1286 naturalem
1030 1227 1230 1304 indigentiam

123 1336 180 1394 aut
200 1352 288 1393 usum
306 1334 405 1395 furari
423 1334 527 1395 solent
545 1339 601 1396 aut
619 1352 678 1413 per
697 1338 759 1396 vim
782 1353 914 1414 rapere,
936 1337 1025 1396 velut
1048 1354 1155 1397 aurum
1177 1343 1232 1399 aut

123 1451 286 1522 argentum
308 1448 362 1504 aui
378 1445 491 1506 animal
513 1450 567 1506 ant
583 1446 669 1506 aliud
694 1447 851 1523 quidpiam
878 1462 985 1506 eorum
1014 1463 1096 1522 quae
1117 1449 1157 1508 ad
1180 1450 1232 1508 vi·

123 1556 206 1613 mum
229 1558 283 1614 aut
306 1557 453 1615 vestitum
476 1560 530 1616 aut
551 1574 639 1616 nsum
655 1559 729 1634 apta
749 1561 841 1631 ‘sunt5
865 1557 975 1617 inutile
997 1557 1078 1616 enim
1100 1561 1151 1618 est
1172 1559 1232 1618 im·

122 1664 251 1725 mortali
266 1668 397 1727 naturae
420 1666 569 1743 quidquid
592 1667 632 1726 ab
659 1667 871 1744 indigentibus
893 1670 1048 1742 umquam
1068 1669 1147 1728 utile
1171 1687 1231 1747 ap·

123 1775 251 1852 petitur.
296 1775 360 1836 Sed
384 1776 562 1836 uberiorem
592 1776 632 1836 da
659 1777 707 1836 bis
731 1777 827 1838 rebus
852 1777 1094 1854 disputationem
1117 1778 1156 1836 iis
1181 1779 1230 1838 di-

121 1884 280 1945 mittamus
301 1887 353 1963 qui
375 1888 500 1965 singula
516 1887 697 1965 diligentius
711 1888 912 1948 considerare
928 1887 1039 1946 volunt
1061 1891 1116 1947 aut
1130 1887 1231 1949 vele-
1324 1876 1328 1883 ‘

122 1996 257 2055 mentius
280 1997 428 2057 dimicare
457 2014 524 2058 oum
550 1997 752 2056 adversariis.
796 1996 894 2056 Nobis
918 2001 1021 2056 autem
1040 2016 1131 2073 quum
1152 1999 1231 2059 satis

122 2106 187 2167 sint
209 2124 289 2185 quae
314 2109 406 2168 modo
430 2108 513 2168 dieta
540 2109 613 2167 sunt
638 2110 772 2185 atquae
795 2107 845 2166 bis
880 2111 1089 2168 consentanea
1118 2124 1230 2169 resur·

120 2218 294 2278 reetionem
331 2219 514 2294 adstruunt,
540 2218 570 2276 in
608 2218 718 2277 iisdem
751 2218 867 2277 diutius
898 2218 1055 2279 immorari
1079 2236 1141 2279 non
1168 2220 1230 2281 iam

122 2329 341 2404 tempestivum
365 2329 408 2387 sit
416 2346 424 2403 ;
453 2329 618 2388 nonenim
646 2327 724 2387 nihil
745 2329 999 2404 praetermittere
1023 2345 1063 2388 ax
1092 2330 1130 2389 iis
1146 2346 1227 2406 quae

124 2439 185 2497 diei
215 2440 347 2515 possunt
377 2439 574 2515 propositum
596 2438 775 2517 nobis'est,
812 2439 869 2498 sed
901 2440 1073 2498 summatim
1103 2439 1154 2499 bis
1174 2440 1227 2517 qui

124 2550 335 2608 convenerunt
366 2547 502 2607 indicare
526 2547 601 2625 quid
632 2548 672 2607 do
695 2550 928 2610 resurreetione
958 2550 1153 2611 sentiendum
1176 2550 1228 2630 sit,

122 2662 155 2719 et
169 2663 352 2737 argumenta
375 2658 487 2734 quibus
500 2657 561 2717 boe
574 2658 686 2736 dogma
701 2659 812 2720 nititur
824 2660 1059 2720 aooommodare
1073 2661 1112 2720 ad
1130 2677 1228 2738 prae·

122 2770 255 2830 sentium
275 2769 466 2829 laenitatem.

207 2881 257 2938 2t.
294 2877 488 2938 Examinatis
525 2881 628 2938 autem
660 2878 858 2956 aliquatenus
890 2880 929 2938 iis
961 2896 1040 2955 quaa
1064 2884 1227 2958 proposita

123 3116 372 3184 praesentibus
397 3117 531 3167 tractatum
556 3113 656 3182 praela·
691 3131 717 3184 p.
736 3112 800 3166 lat:
815 3114 969 3182 '‚,eapariiati
988 3127 1075 3166 eorum
1091 3115 1134 3184 qui
1150 3130 1227 3186 praa·

121 3200 160 3270 git
177 3202 371 3268 Athenagoran
389 3200 446 3253 τῶν
462 3195 657 3265 παρόντων
691 3203 778 3251 sentes
803 3203 863 3251 sunt
887 3197 1106 3266 accommodare“)
1131 3215 1226 3268 cogno-

121 3302 173 3340 nen
199 3291 239 3340 eat
261 3302 341 3353 genus
366 3291 483 3339 neumam
507 3285 603 3352 (Nann.
630 3287 658 3336 at
690 3288 791 3338 reruni.
833 3286 987 3352 Quamquam
1014 3283 1080 3336 baud
1110 3286 1226 3354 equidem

121 3373 193 3426 editt.
222 3373 264 3440 qui
295 3373 351 3425 eius
376 3373 519 3423 versionem
544 3369 656 3438 repetie—
691 3368 777 3423 dubito
809 3371 870 3438 quin
904 3369 1082 3436 Athenagoras
1118 3372 1228 3428 voluerit

120 3462 197 3510 runt:
217 3459 261 3521 „ri
280 3471 366 3509 eorum
385 3471 449 3525 quaa
465 3456 514 3507 iam
538 3456 564 3508 in
581 3469 656 3523 praa·
691 3456 757 3509 bane
776 3459 910 3507 tractatum
927 3454 1002 3507 etiam
1019 3453 1090 3521 legi
1112 3455 1143 3508 ab
1160 3456 1228 3525 aliia,

120 3543 203 3595 santia
223 3542 382 3608 dinimos“)‚
413 3539 458 3593 sed
484 3539 657 3606 masculinum,
690 3542 849 3609 potissimum
873 3541 903 3593 ab
922 3540 1074 3593 aduersariis
1096 3540 1228 3609 doetrinae
1335 3618 1336 3623 ἵ

121 3640 172 3696 quo
190 3626 265 3679 iidem
283 3626 424 3679 indicantur
443 3639 506 3693 quoa
524 3623 597 3677 modo
617 3623 657 3677 di·
692 3625 724 3679 da
740 3627 938 3680 resurrectione.

120 3714 161 3766 xit
177 3709 243 3773 roda
259 3710 464 3778 συνελθόντας,
484 3715 513 3764 ut
532 3711 658 3764 Noorrius
776 3711 801 3764 1.
835 3706 1048 3778 Ἐξητασμὲναν
1090 3705 1122 3763 ai
1155 3714 1227 3775 aad]

120 3798 233 3868 (Appen.
249 3799 280 3851 ad
295 3798 415 3852 Bibliotb.
431 3798 500 3851 Μαι.
514 3797 656 3850 rettl’atr.
692 3796 862 3850 Scholion
887 3797 912 3849 in
931 3811 1011 3862 marg.
1039 3796 1098 3848 Par.
1115 3795 1129 3848 1
1149 3799 1176 3848 at
1191 3795 1227 3849 2:

120 3885 151 3937 P.
172 3885 192 3936 1.
209 3898 235 3952 p.
254 3884 322 3937 teo:
341 3887 390 3953 „ad
409 3899 496 3937 eorum
519 3883 562 3950 uui
580 3897 657 3951 prae·
684 3874 755 3935 ’Ότι
770 3875 1227 3951 τῶνᾶτότῆςᾶαχῆττῆςγενέσν·
1321 3933 1322 3937 ,

118 3975 209 4024 sonita
225 3969 326 4023 adetum
342 3970 437 4037 ingenii
450 3969 500 4020 rim
516 3982 656 4021 accommo-
692 3985 730 4028 ας
741 3968 799 4020 τῶν
807 3964 968 4037 ἀνθράκων
976 3962 1140 4036 addubitare
1153 3961 1228 4032 ἡμᾶς

119 4053 214 4120 dare“)
232 4058 258 4107 at
287 4057 323 4108 lo.
350 4055 383 4109 Δ.
409 4054 542 4109 Fabricius
572 4053 654 4121 (ssiat.
690 4050 736 4108 lat
760 4051 814 4124 τήν
847 4049 1000 4110 ἀνάστασιν
1029 4052 1086 4107 τᾶν
1120 4049 1226 4115 aaa&

118 4140 177 4195 erit.
203 4139 234 4192 da
259 4140 282 4192 la
307 4143 362 4210 rip.
380 4139 426 4196 dos
453 4141 545 4194 lettres
563 4139 593 4193 l.
611 4138 655 4193 lll.
689 4139 926 4210 ναθααμισᾶντων
945 4133 1107 4193 ἀκόλουθον
1124 4133 1173 4189 sai
1184 4129 1225 4187 si-
