2708 4666
445 210 596 275 ORATIO
617 213 675 274 ΔΙ)
698 211 894 276 GRAECOS.
1168 214 1230 284 lot

124 384 197 445 erin
225 382 320 444 vohis
343 381 518 463 Glaucippe
543 387 580 444 et
606 403 697 462 quam
729 387 927 464 praeclaram
957 389 1081 466 prolem
1106 389 1227 452 edidit:

121 511 196 572 quae
218 495 344 571 quidem
375 498 546 555 monstrum
577 497 713 573 peperit,
749 497 1004 577 quemadmodum
1034 500 1231 560 demonstrat

119 606 183 666 eius
203 607 329 682 statua,
363 621 381 664 a
404 603 554 665 Nicerato
582 605 770 665 Atheniensi
796 604 998 666 Euctemouis
1031 608 1096 669 illio
1126 609 1231 669 labri-

117 716 210 775 catat
255 714 290 774 Si
310 715 392 773 enim
413 714 615 790 elephantum
638 716 731 775 enixa
754 719 820 792 est,
857 717 933 791 quid
960 733 1075 778 causae
1102 721 1152 778 est
1175 736 1231 780 car

116 825 244 903 publice
267 824 390 884 honere
414 823 562 884 iroaturl
597 825 745 902 Phrynen
767 826 966 885 meretricem
992 828 1084 888 vobio
1115 827 1232 888 Praxi-

116 935 197 994 teles
222 935 256 994 et
276 932 457 994 Herodotus
482 932 644 1011 fecerunt,
683 938 716 993 ot
748 934 1015 996 Panthouohidem
1055 953 1074 996 e
1104 940 1231 998 scorta·

116 1047 185 1104 toro
205 1043 374 1120 gravidam
394 1041 608 1119 Euthycrates
629 1060 670 1102 ex
693 1060 769 1103 aere
797 1044 976 1105 fabricavit.
1019 1045 1232 1124 Besantidem,

117 1154 275 1215 Paeonum
297 1153 455 1229 reginam,
486 1153 570 1228 quod
592 1151 741 1210 infantem
767 1154 889 1230 nigrum
917 1157 1008 1215 enixa
1035 1162 1140 1234 esset,
1173 1155 1232 1216 Di·

117 1279 266 1324 uomeues
302 1264 372 1322 arte
406 1278 463 1322 sua
500 1261 655 1321 hominurn
685 1263 854 1321 memoriae
884 1267 1120 1326 commendavit.
1163 1264 1232 1344 Ego

118 1376 149 1435 et
171 1372 389 1451 Pythagoram
405 1372 588 1448 condemno,
628 1372 682 1446 qui
709 1369 868 1449 Europam
892 1376 984 1434 tauro
1014 1376 1173 1452 imposuit,
1199 1378 1234 1435 et

120 1498 186 1559 ror,
208 1481 264 1560 qui
283 1480 369 1541 lovis
391 1484 607 1540 accusatorem
632 1480 754 1540 honore
783 1481 823 1540 ob
847 1482 947 1559 ipsios
972 1485 1072 1542 artem
1095 1483 1232 1543 allicitis.

120 1592 218 1653 Rideo
240 1593 336 1651 etiam
358 1590 500 1667 Myronis
523 1592 633 1666 artem,
661 1591 715 1664 qui
739 1590 883 1651 buculam
907 1591 1031 1651 effinxit
1058 1592 1151 1667 eique
1172 1591 1233 1651 Vi·

122 1703 250 1763 ctoriam
272 1700 433 1778 imposuit,
456 1699 541 1774 quod
562 1695 657 1776 rapta
678 1699 837 1776 Agenoris
861 1697 926 1761 filia*
952 1703 1101 1763 adulterii
1124 1703 1157 1761 et
1183 1701 1233 1761 in-

123 1812 330 1872 continentiae
360 1810 532 1888 praemium
562 1810 771 1886 reportasset.
831 1809 998 1888 Glyceram
1034 1813 1234 1873 meretricem

124 1925 153 1983 at
171 1920 326 1999 Argivanr
346 1920 510 1998 psaltriam
529 1918 709 1980 Herodotus
730 1920 899 1997 Olynthius
923 1923 1093 1999 expressit.
1127 1921 1234 2000 Brya-

124 2033 168 2092 xis
188 2031 371 2109 Pasiphaen
400 2030 529 2105 statuit,
560 2031 648 2090 cuius
674 2030 836 2090 lasciviam
860 2031 1139 2090 commemorantes
1161 2034 1234 2091 tan·

126 2146 183 2204 tam
202 2158 266 2203 nou
293 2141 399 2201 studio
428 2139 553 2198 habetis
581 2141 616 2199 ut
644 2140 726 2199 tales
751 2139 815 2198 sint
848 2140 997 2200 mulieres
1028 2139 1131 2198 nostri
1152 2143 1235 2200 tem·

126 2253 217 2330 poris.
269 2249 450 2326 Melanippo
474 2246 628 2323 quaedam
658 2248 786 2325 sapiens
820 2250 905 2307 erat:
939 2249 1057 2308 idcirco
1079 2264 1146 2308 eam
1168 2247 1236 2325 Ly-

129 2364 271 2423 sistratus
293 2358 424 2419 effinxit
467 2359 513 2419 At
537 2357 685 2436 proiecto
710 2374 768 2417 vos
789 2358 950 2434 sapientes
973 2373 1045 2419 esee
1070 2359 1155 2436 apud
1177 2374 1235 2419 nos

128 2473 271 2534 mulieres
291 2486 353 2530 non
377 2469 517 2530 creditis.

206 2583 259 2642 34.
280 2580 416 2640 Prorsus
441 2581 528 2639 corte
557 2577 709 2637 honestus
734 2576 794 2637 init
824 2593 949 2653 quoque
971 2579 1125 2654 tyrannus
1148 2576 1236 2638 Pha·

129 2691 216 2770 laris,
241 2691 312 2767 qui,
336 2690 493 2749 lactentes
515 2703 632 2746 vorans
659 2703 788 2765 pueros,
817 2687 993 2765 Polystrati
1012 2687 1236 2767 Ampraciotae

130 2806 190 2864 crte
212 2803 390 2864 etiamnunc
412 2801 568 2874 tamquam
596 2797 646 2855 vir
666 2798 781 2875 aliquis
804 2799 1004 2858 admirandus
1027 2802 1237 2874 monstratur;

129 3171 167 3237 rit,
205 3169 343 3223 celebratis
382 3168 499 3220 versibus
536 3164 662 3218 laudata.“
697 3167 751 3233 sui;
770 3166 863 3233 reliqui
880 3164 1076 3216 emiseruni.-
1102 3164 1239 3218 Caeterum

129 3253 164 3308 ci.
182 3255 259 3321 Sillig
275 3253 326 3307 hc.
337 3270 361 3322 p.
374 3252 424 3306 281
442 3256 469 3304 et
481 3250 581 3304 281-
598 3251 662 3304 Cum
696 3250 740 3302 illa
758 3250 789 3302 de
807 3249 952 3317 hlenalippe
970 3248 1047 3300 rerha
1063 3246 1160 3301 ironice
1175 3262 1240 3317 pro·

129 3335 255 3408 ἇοπᾶσας
291 3339 426 3393 subaudias
453 3333 558 3405 μόσχος
590 3338 615 3389 h.
640 3354 664 3391 r.
698 3334 749 3388 lata
767 3339 837 3387 suut.
866 3334 1018 3386 llaucenim
1038 3333 1170 3387 mullerem
1184 3335 1239 3389 Ne-

129 3427 250 3498 luppiter.
699 3425 795 3489 pluouo
813 3414 930 3489 ᾔσχυνεν
947 3412 1148 3488 ὑδρευομένην,
1160 3424 1189 3473 ul
1200 3419 1240 3474 le·

189 3507 770 3613 mmmmmmffl

128 3630 176 3702 τήν
195 3635 254 3695 Pl„
274 3646 348 3699 qoem
367 3643 481 3682 errorem
507 3629 666 3697 perspiciens
1071 3671 1079 3691 Ι

129 3709 667 3782 mmmmwfflmm
772 3673 1241 3745 ssfflwfflmmmi

701 3764 767 3833 ore]
793 3763 864 3816 illem
893 3767 1004 3816 testatur
1035 3763 1174 3826 Clearchus
1198 3777 1240 3832 up.

702 3851 863 3903 Athenaeum
880 3849 924 3901 lll.
945 3846 1026 3901 c.12.
1054 3846 1181 3915 Phalaris,
1199 3850 1242 3912 ly-

193 4007 236 4061 21.
257 4000 344 4075 claua]
365 4005 446 4058 Deest
469 4005 496 4057 iu
514 4005 588 4058 Aet..
702 3931 1243 4088 ἶῑῖῃὲἃέἰιὲἕὲῃᾟῒίἑρῖᾚέἶιῖΞΣ.

194 4099 305 4177 22'11]
325 4109 382 4162 lice
409 4122 442 4162 ex
464 4109 523 4163 Par.
550 4109 565 4162 1
588 4122 666 4178 repo·
702 4107 833 4175 weltere.

129 3805 199 3857 eiiam
213 3801 338 3870 llerold.;
356 3801 452 3854 caeterl
470 3796 519 3854 eat
532 3803 602 3852 recte
620 3813 666 3851 ex·

130 3891 283 3957 punxerunt.

787 3506 814 3558 in
831 3505 896 3558 lust
912 3504 984 3559 Orat.
1002 3504 1033 3558 ali
1048 3505 1137 3559 Genlt
1156 3522 1178 3559 c.
1196 3505 1222 3560 2.
1322 3542 1325 3547 -
