2708 4666
462 206 614 270 orario
638 208 696 270 Ab
718 207 914 273 umbos.
1175 208 1238 277 189

136 378 245 438 mear
270 377 303 436 in
329 375 540 440 Romanorum
571 383 782 442 eommoratus
811 398 880 444 aum
911 383 1006 463 urbe,
1046 388 1081 448 et
1109 387 1234 447 statua·

131 504 186 548 rum
209 488 385 549 varietates
416 489 550 549 anobis
574 491 616 550 ud
643 490 720 551 illos
742 490 868 552 delatus
892 494 1033 572 inspexi3
1060 511 1123 555 non
1143 497 1234 575 euim,

130 601 155 660 rt
171 599 319 678 plerique
342 598 457 676 solent,
478 599 592 659 alienis
609 599 808 677 opinionibus
826 619 896 663 meu
912 605 1097 664 oonflrmare
1116 622 1234 683 eggre-

128 709 203 786 dor,
243 709 304 768 sed
336 724 540 785 quaeeunque
572 710 643 787 ipse
672 711 739 770 vidi
765 727 805 773 ea
832 713 936 773 literis
970 714 1120 774 mandere
1149 715 1233 775 volo.

126 817 195 879 Vale
218 818 318 896 igitur
337 816 422 878 dioto
447 818 481 877 et
501 819 710 880 Romanorum
738 820 907 883 melantiae
936 827 969 882 et
995 823 1234 885 Atheniensium

124 927 389 1006 emundentur,
417 927 617 1004 dogmatibus
644 929 726 990 male
748 933 861 1010 sartis,
902 933 1072 994 barbaram
1092 936 1234 994 nostrum

123 1035 350 1118 pidosopbinm
379 1037 562 1115 complexus
585 1054 672 1098 eumz
710 1056 790 1116 quae
816 1043 973 1119 quemodo
996 1044 1115 1103 vestris
1139 1044 1233 1104 insti-

123 1148 191 1209 tutis
221 1146 384 1223 estiennot
411 1146 456 1206 sit
484 1163 577 1224 quum
613 1148 755 1208 seribere
784 1150 971 1230 inceperim,
1015 1153 1075 1212 sed
1099 1155 1233 1232 proptor

124 1257 284 1318 mntem
306 1257 519 1317 remotionem
540 1254 727 1335 distulerim,
749 1275 839 1337 nune,
862 1278 954 1336 quum
971 1265 1096 1341 tempus
1113 1265 1173 1341 est,
1191 1265 1233 1324 de

123 1367 200 1429 llllra
222 1365 427 1445 dogmatibus
449 1367 609 1427 disserere
630 1368 811 1444 aggrediar.
854 1367 901 1428 Ne
922 1386 1019 1447 segre
1040 1372 1152 1432 seretis
1171 1389 1232 1432 uo-

123 1479 210 1538 rtram
243 1476 466 1556 disciplinam,
501 1493 560 1538 neo
584 1476 738 1537 refertam
764 1478 856 1556 nugis
884 1482 917 1538 et
940 1480 1118 1540 scurriliter
1139 1482 1233 1541 dietis

123 1587 359 1649 assumtionem
381 1588 413 1646 in
434 1603 493 1646 nos
514 1587 706 1666 elaboretis,
741 1589 898 1648 dieentes:
946 1590 1114 1666 „l'etisnus
1135 1607 1233 1668 supra

124 1695 272 1776 draeeos,
308 1713 405 1775 supra
431 1697 582 1757 inlinitum
610 1713 720 1758 eorum
741 1698 795 1774 qui
813 1697 1033 1776 philosophati
1054 1703 1128 1760 suut
1148 1701 1232 1761 mul·

125 1806 288 1886 titudinem,
313 1823 397 1869 nova
417 1807 625 1868 barbarorum
651 1807 799 1884 dogmata
827 1807 997 1890 sequitur.“
1048 1808 1129 1880 onio
1150 1811 1232 1872 euim

125 1916 302 1980 boemmodi
330 1918 381 1999 est
411 1916 568 1995 homines,
608 1933 738 1993 quorum
767 1917 928 1996 imperitia
959 1921 1135 1980 monstrata
1171 1922 1232 2000 est,

125 2044 193 2090 nuso
221 2029 263 2090 ab
292 2028 418 2089 bomine
446 2028 586 2089 eiusdem
613 2031 745 2088 naturae
777 2028 891 2104 arguit
956 2028 1022 2087 Aut
1058 2029 1132 2103 quid
1170 2030 1231 2090 ab·

126 2138 202 2200 surdi
221 2141 274 2201 est
290 2153 379 2199 more
393 2134 495 2198 vestri
516 2135 682 2216 sophistae
704 2151 831 2214 semper
854 2152 1022 2198 senescere
1050 2136 1153 2197 omnia
1178 2138 1231 2199 di·

126 2248 264 2309 unumst

127 2489 153 2543 lli
166 2489 246 2545 boum
262 2492 300 2547 ita
319 2486 351 2546 sd
373 2490 558 2564 philosophiam
581 2493 651 2546 rese·
755 2491 782 2546 4.
800 2486 975 2562 σνννᾶνιιιν]
1003 2494 1084 2563 Vulgo
1108 2492 1229 2551 σνννάσ-

127 2576 244 2646 numus,
275 2582 307 2631 ut
328 2591 379 2632 ιιοιι
404 2577 486 2633 selum
507 2579 652 2632 rbelorioae
688 2588 755 2633 σειν.
775 2578 815 2632 ci.
834 2594 855 2631 ο.
874 2577 901 2634 1.
919 2595 944 2631 ιι.
965 2580 1007 2634 15.

127 2664 299 2729 professionem
323 2664 369 2718 sed
398 2666 472 2718 etism
491 2664 653 2733 eloquentiae
756 2663 782 2718 5.
805 2658 874 2718 ao&
901 2658 987 2737 ἡμᾶς]
1007 2667 1090 2720 llenr.
1118 2668 1229 2739 Stepbu·

126 2744 209 2802 inim
228 2748 335 2804 latino
352 2749 527 2805 abiudioeut.“
550 2750 652 2803 dibu·
687 2764 736 2802 nus
760 2750 801 2816 (in
825 2749 885 2804 edit.
909 2750 995 2822 Epist
1023 2750 1053 2806 sd
1083 2753 1177 2821 Diogu,
1202 2772 1228 2826 p.

126 2830 167 2886 del
188 2832 297 2890 falso.
324 2836 351 2890 d.
378 2835 454 2905 Apol.
476 2848 502 2904 p.
528 2834 561 2888 17
579 2850 652 2905 sqq..
688 2833 750 2902 1⁰7)
775 2839 880 2905 praeter
919 2839 1101 2892 necessitatem
1133 2841 1230 2908 putarit

178 2916 204 2976 2.
223 2914 263 2982 de
280 2914 401 2990 aiendo]
427 2920 471 2973 Sic
497 2919 570 2974 codd.
593 2921 652 2974 muti
686 2914 754 2972 καθ’
770 2914 848 2988 doeio
865 2922 1010 2989 legendum.
1048 2925 1087 2976 ci.
1106 2939 1129 2978 e.
1158 2926 1183 2978 1.
1202 2942 1228 2980 ιι.

125 3009 214 3068 moer
238 3004 298 3060 Par.
321 3005 355 3073 2,
388 3007 431 3075 oui
456 3000 590 3069 ὥςαιὶνσις
608 3021 651 3060 er·
686 3006 756 3058 1.-
788 3007 829 3059 De
845 3009 995 3075 antiquitate
1007 3006 1140 3073 religionis
1157 3011 1229 3078 (pbi-

125 3098 173 3142 rara
194 3090 280 3146 babet
322 3091 395 3145 illam
418 3092 556 3145 lectionem
578 3095 651 3146 reete
685 3091 829 3161 losopbiue)
855 3092 1005 3144 cbristiunae
1030 3106 1161 3160 exponere
1186 3095 1227 3145 in-

76 3220 80 3235 .
124 3179 247 3230 mamni
276 3176 408 3247 Gesner,
439 3176 559 3246 Herold,
592 3178 650 3231 Μι-
686 3178 753 3246 oepit
771 3191 793 3229 ο.
812 3177 861 3243 31;
890 3175 937 3228 sed
961 3176 1148 3245 expositionem
1165 3190 1229 3246 pro-

76 3238 81 3325 ,l
124 3269 184 3330 rm3
212 3263 260 3317 aed
283 3260 378 3333 reliqui
403 3262 516 3317 editores
545 3258 652 3326 αόισιὶς
686 3267 744 3333 pter
761 3259 829 3315 uliud
846 3264 1022 3327 argumentum
1045 3262 1229 3330 necessarium,

76 3342 78 3383 ἵ
124 3342 286 3402 doluerunt:
319 3346 388 3402 unde
411 3349 536 3404 Pearsen.
555 3350 652 3403 irustra
686 3362 709 3401 ο.
727 3345 762 3400 32
779 3372 814 3385 -
831 3344 882 3408 34,
901 3358 953 3397 non
971 3345 1089 3402 absolvit.

123 3434 219 3487 mieeir
234 3430 307 3500 node
325 3428 442 3496 ον’νοός.
486 3433 538 3486 Pre
556 3451 651 3489 ποινι-
755 3430 780 3485 8.
804 3426 1073 3501 φιλοσοφησάντων]
1098 3430 1225 3505 Suppedi-

123 3512 282 3580 tirellorell.
293 3520 381 3589 inepte
393 3519 558 3582 voracitate.
584 3521 651 3574 (tne-
685 3521 775 3570 larunt
791 3518 852 3570 rar.
875 3515 891 3571 1
917 3520 944 3571 et
961 3517 1039 3588 Ael.;
1069 3521 1174 3588 meteri,
1199 3524 1229 3574 nt
1295 3586 1301 3599 ἴ

123 3603 193 3658 torm
210 3601 251 3658 adi
270 3620 293 3659 ο.
311 3602 354 3658 38.
373 3620 399 3657 u.
418 3602 443 3657 6.
686 3601 756 3670 editi,
784 3599 1033 3679 φιλοσοφούντων.
1082 3605 1226 3661 lnPar.1

176 3688 204 3744 ³.
223 3683 259 3745 osi
276 3688 341 3758 yslo,
363 3683 413 3759 ὥς]
443 3691 487 3745 Sir
513 3691 571 3744 Par·
589 3692 604 3744 1
625 3695 652 3744 et
685 3691 767 3743 sorba
785 3690 907 3760 πλῆθος,
925 3690 993 3760 quod
1009 3692 1036 3743 in
1047 3695 1121 3746 textu
1136 3708 1226 3747 errore

120 3773 225 3845 Ιπιις
242 3777 340 3831 caeteri
359 3774 431 3829 codd.
451 3775 512 3830 nisti
538 3780 565 3830 et
590 3776 651 3830 editi
686 3776 778 3844 omisit,
809 3774 944 3846 adscripsit
969 3776 1095 3844 margini:
1129 3778 1226 3833 Morsu.

120 3852 163 3928 νὴ
178 3854 226 3926 e'e.
240 3888 277 3902 -
303 3863 367 3915 Tum
386 3858 462 3917 loeis
479 3861 565 3929 (codd.
579 3864 651 3931 nisti)
686 3862 750 3914 male
769 3865 901 3933 expunxit.

118 3958 158 4015 tn
173 3943 232 4004 roo
249 3947 365 4018 reposui,
390 3945 459 4017 quod
483 3948 583 4002 iderell.
611 3948 651 4001 in·
755 3947 780 4000 7.
798 3965 823 4000 ιι.
842 3944 893 4002 τὰν
915 3947 969 4002 otu.
990 3942 1059 4015 ν’μῐν
1073 3947 1227 4017 σοφιστήν]

116 4028 188 4089 luit
236 4032 342 4091 Pariter
374 4033 460 4103 paullo
490 4037 550 4105 post
575 4030 652 4090 ioris
686 4032 805 4102 Scriptus
827 4047 875 4103 par
897 4034 1036 4104 sophistam
1063 4048 1115 4087 nen
1141 4051 1179 4101 se,
1197 4037 1226 4086 ut

115 4118 167 4175 νῦν
182 4123 320 4192 oompsret
686 4121 768 4176 risum
784 4122 825 4174 est
848 4118 981 4175 Tentrelio
1007 4121 1033 4173 tn
1058 4118 1166 4173 biisedl
1181 4132 1225 4172 ee-
