2708 4666
390 189 540 253 onnrlo
562 191 618 253 ΑΙ)
641 190 837 255 GRAECOS.
1139 195 1181 261 37

230 358 447 424 inexstinctus
467 359 554 425 rimas
577 364 707 426 emortus
729 364 777 427 eat
804 361 907 428 beatis
930 363 1003 430 diis.

60 473 140 534 Nam
162 473 216 556 qui
237 472 392 550 singulari
412 473 584 532 certamine
608 476 769 534 certantes
793 478 937 552 spectant
967 478 1000 536 ot
1022 475 1105 538 alter
1127 478 1178 538 al-

60 585 121 644 teri
154 582 371 656 [certantium]
408 581 534 658 tavent,
591 582 645 657 qui
674 584 871 646 matrimonia
905 585 961 644 init
999 587 1033 645 et
1060 602 1178 663 pueros

61 695 188 770 stuprat
222 695 256 751 et
286 690 486 767 moechatur,
521 691 576 766 qui
602 691 687 751 ridet
716 694 750 752 et
777 693 934 770 irascitur,
959 695 1011 771 qui
1042 694 1125 772 sugit
1146 700 1180 756 et

62 801 276 879 vulneratur„
295 801 450 876 quomodo
483 817 545 861 non
579 800 722 860 mortalis
749 802 971 864 existimaturi
1014 804 1078 865 Per
1100 776 1180 881 (puae¹

62 910 203 969 enimse
230 910 294 987 ipsi
322 909 497 970 hominibus
526 910 636 985 quales
668 911 776 968 essent
806 915 1017 989 aperuerunt,
1052 930 1111 991 per
1140 930 1187 975 oav

62 1019 228 1079 audientes
254 1019 295 1078 ad
325 1018 441 1078 similia
471 1018 611 1079 facinora
639 1018 758 1080 hortati
791 1024 873 1081 sunt.
923 1022 1029 1100 Atque
1054 1040 1095 1082 an
1117 1039 1180 1083 non

62 1129 121 1206 ipsi
142 1128 315 1188 daemones
339 1145 409 1188 oum
429 1129 507 1189 duco
531 1129 670 1206 ipsorum
694 1128 770 1189 love
792 1130 850 1190 sub
868 1129 965 1191 fatum
986 1131 1178 1209 ceciderunt,

61 1236 172 1297 iisdem
198 1251 236 1296 ac
258 1236 402 1296 homines
425 1236 648 1313 cupiditatibus
669 1239 834 1314 superati?
873 1240 1048 1301 Praeterea
1073 1243 1179 1301 autem
1281 1266 1285 1281 ·

62 1345 219 1420 quomode
240 1345 294 1405 isti
316 1340 441 1406 colendi
473 1348 545 1406 sunt
577 1346 662 1422 apud
690 1362 903 1423 quos-magna
926 1352 977 1409 est
998 1351 1178 1427 opinionum

62 1454 247 1514 dissensio?
288 1453 367 1513 Na'm
389 1454 525 1533 Rbeam,
555 1472 645 1530 quam
668 1454 880 1532 Pbrygiorum
909 1459 1057 1518 montium
1088 1460 1178 1532 inoo÷

61 1562 110 1622 lae
136 1561 282 1640 Cybelen
307 1563 430 1640 dicunt,
457 1565 673 1640 pudendorum
705 1565 904 1625 exsectiones
937 1566 1072 1642 [dicunt]
1104 1569 1177 1645 lego

63 1673 238 1732 sancivisse
257 1674 392 1750 propter
416 1672 505 1731 Attin
530 1688 620 1748 quem
644 1673 786 1748 amabat;
810 1674 917 1734 Venus
939 1676 1074 1755 coniugii
1091 1693 1178 1738 com·

63 1781 211 1858 plexibus
246 1782 434 1842 delectatur.
490 1782 602 1859 Magus
631 1786 681 1843 est
711 1783 830 1861 Diana,
877 1785 1015 1844 medicus
1047 1784 1176 1862 Apollo.

63 1887 101 1955 ot
120 1893 200 1968 post
222 1891 394 1952 abscissum
426 1888 581 1969 Gorgonis
606 1895 710 1971 caput,
739 1910 831 1970 quam
851 1893 1014 1971 Neptunus
1041 1897 1178 1973 amabat,
1204 1910 1206 1913 ’

64 2000 142 2059 unde
168 1999 313 2077 Pegasus
346 2017 445 2077 equus
474 2003 507 2059 et
540 1999 702 2079 Chrysaor
734 2002 970 2080 prosiluerunt,
1013 2006 1175 2082 sanguinis

63 2111 168 2186 guttas
197 2109 342 2171 Minerva
371 2113 404 2172 et
430 2111 779 2209 Aesculapiusspartiti
810 2114 899 2171 sunt:
947 2113 1109 2191 atquaex
1137 2115 1177 2175 iis

127 2381 155 2435 8.
177 2377 442 2448 rodcoecll'ris.1n
456 2396 535 2448 marg.
552 2374 603 2434 αι’-
639 2379 794 2433 slerbusium
813 2383 840 2432 et
858 2379 997 2433 Graculum
1022 2379 1053 2433 ad
1071 2380 1198 2434 Luciam*

66 2465 139 2530 rce'c.
639 2466 712 2518 Τοιιι.
733 2463 768 2516 ΙΙ.
787 2479 813 2532 p
833 2463 884 2518 283
911 2469 938 2518 et
959 2464 1004 2517 lx.
1023 2481 1047 2534 p.
1067 2463 1120 2518 832
1137 2468 1177 2517 at-

130 2550 156 2606 9.
173 2545 287 2606 Pe'ue..
296 2549 438 2620 ,Κυβέλην
457 2552 603 2618 mucia...
639 2565 688 2619 que
707 2549 857 2604 salmasium
876 2548 907 2602 ad
925 2549 1006 2603 Solin.
1024 2567 1050 2621 p.
1069 2548 1111 2603 5⁰.
1138 2551 1177 2605 Da

66 2635 331 2706 ιιιομοθιιηκέιαι]
366 2637 407 2690 lla
437 2635 509 2690 codd.
535 2636 603 2703 msti‚
638 2634 711 2687 lilaea
728 2638 756 2687 et
774 2635 831 2688 Atti
850 2633 935 2703 (Ouid.
959 2636 1030 2690 Fast.
1054 2633 1097 2688 lv.
1125 2633 1178 2690 22³

66 2723 186 2790 (desuem,
212 2721 330 2790 Herold„
358 2721 472 2788 Maran.;
496 2723 536 2774 iric
557 2737 602 2774 ao·
639 2720 708 2788 sqq.)
734 2720 764 2775 ct.
792 2720 872 2786 Pauly
898 2720 1177 2789 Reut-Eucpctopoa-

65 2811 112 2862 tem
136 2823 235 2862 comma
259 2812 320 2861 ante
344 2807 432 2876 puolo
466 2807 553 2876 posuit
577 2810 607 2861 et
638 2806 682 2858 dte
700 2806 725 2858 d.
744 2807 823 2858 cluss.
842 2805 1079 2859 Attertbumswiss.
1106 2805 1177 2859 Tem.

65 2909 117 2947 cam
135 2893 223 2947 verbis
245 2884 467 2963 ἣν..,11νβε’1ην
483 2889 603 2944 subaudi-
638 2890 680 2942 Vl.
699 2905 723 2959 p.
743 2889 794 2944 405
813 2906 852 2961 sq.
870 2890 930 2944 los.
966 2890 1037 2944 illios
1056 2888 1177 2944 sacerdo·

65 2979 99 3032 rit
114 2978 262 3033 amotam.
281 2979 341 3032 Par.
358 2979 374 3031 1
392 2980 418 3032 in
438 2991 533 3044 marm:
551 2994 603 3029 κα·
638 2979 678 3028 tes
697 2979 771 3028 erant
790 2976 907 3028 eunuchi.

66 3060 98 3117 cd
116 3065 218 3118 κοινοῦ
240 3063 274 3132 [e.
295 3064 320 3116 1.
338 3079 364 3116 n.
382 3063 428 3133 26]
453 3059 486 3116 τό
505 3062 602 3130 φασίν.
707 3059 750 3114 10.
770 3053 1053 3129 Μάγοςέ.”Αρτιμις]
1072 3059 1178 3112 Dianam

64 3149 94 3202 il.
111 3166 135 3202 e.
154 3146 247 3216 puolo
266 3162 317 3201 non
330 3149 412 3202 solnm
428 3147 458 3201 ad
474 3145 603 3219 Κυβέλην
638 3147 734 3213 magiae
754 3151 780 3199 et
803 3143 926 3198 veneticis
948 3145 1091 3213 praefuisse
1116 3158 1178 3196 con-

66 3234 108 3287 sed
130 3234 164 3288 ad
191 3235 325 3301 seeopod.
356 3234 432 3286 etiam
463 3234 603 3304 pertinere.
638 3235 702 3284 stat:
736 3231 835 3282 Lunam
859 3230 926 3281 enim
954 3228 1043 3280 uolunt
1073 3227 1180 3282 Dianam

66 3317 199 3373 Gnaeum
227 3318 354 3372 infinitivo
379 3317 603 3387 νενομοθετηκέ-
639 3329 706 3381 esse,
725 3330 799 3382 quam
824 3311 953 3367 ueneficae
980 3314 1032 3366 suis
1059 3312 1178 3367 earminl-

67 3423 110 3458 aas
128 3406 232 3458 oeusuit
249 3401 357 3471 λέγεται
376 3403 517 3457 addendum
546 3421 604 3458 esse
638 3402 686 3454 bus
710 3416 724 3452 e
748 3399 819 3452 coelo
855 3398 990 3453 detrahere
1021 3400 1178 3454 terebantur.

67 3490 104 3543 rel
127 3487 338 3558 eeeopode’npee
365 3488 519 3558 legendum3
544 3489 603 3543 iude
642 3485 788 3539 Gesneros.

67 3574 175 3643 lereti,
205 3576 281 3642 Duc,
308 3575 410 3629 Wortlr.
434 3581 604 3642 receperunt:
709 3570 750 3623 11.
775 3564 803 3641 ὁ]
844 3570 950 3623 Herold.
984 3571 1077 3624 omisit.
1116 3519 1179 3624 Aet.

65 3653 138 3715 ‘Pice
156 3661 262 3728 (sie-
267 3661 365 3713 .sulus
388 3661 454 3713 Duc.
476 3653 599 3727 Ρ..1).
640 3653 774 3726 spondeo,
793 3657 887 3709 omisso
907 3656 1024 3708 articulo.

68 3746 193 3817 Κυβέλην
203 3746 304 3815 φασίν,
320 3783 327 3797 .
344 3783 351 3796 .
366 3782 372 3796 .
386 3746 602 3813 νενομοθέτηκε.
707 3742 749 3796 12.
777 3735 867 3795 sul
853 3761 869 3795 ο
891 3737 943 3807 μὲν
966 3740 1029 3809 etc]
1053 3739 1177 3795 Aescula-

68 3860 97 3872 -
113 3833 184 3887 Fris.
211 3831 242 3885 ad
268 3827 373 3898 ταύτης
397 3830 424 3884 iu
450 3846 529 3898 marg.
549 3824 601 3884 αὖ·
638 3831 695 3897 pius
713 3842 805 3882 eruore
825 3827 955 3893 Gorgonis
974 3825 1133 3893 (Medusae),
1150 3829 1181 3877 ut

68 3918 123 3986 ιῆς,
138 3916 173 3971 ad
182 3911 277 3970 'Arm
294 3915 387 3970 ibidem
398 3910 490 3970 'Arum
509 3916 605 3969 Herol·
638 3913 811 3981 Apollodorus
830 3916 933 3976 narrat,
952 3911 983 3962 ad
1001 3910 1117 3962 homiues
1134 3923 1180 3961 re·

69 4003 114 4055 lus
135 3998 237 4070 'Arene
265 4001 378 4072 scripsit
427 4001 466 4067 lie
496 3999 605 4054 diversis
640 3997 800 4051 soscilaudos
824 4012 886 4049 usus
911 4000 959 4048 est.
1001 3994 1041 4047 ct.
1062 3993 1179 4059 Paulyl.

70 4088 139 4142 brius
156 4089 269 4143 nomime
294 4087 384 4140 termis
408 4088 502 4141 videsis
525 4085 604 4143 ilem·
641 4103 662 4138 c.
682 4085 753 4138 Tem.
771 4084 792 4135 i.
811 4099 837 4152 p.
856 4081 914 4136 188.
958 4082 1074 4134 illinerra
1094 4083 1179 4131 autem
