2708 4666
489 212 872 287 nncnnaonuun.
1169 244 1234 299 χχ,
1308 286 1314 296 ,

120 405 202 494 lli).
255 401 401 472 Nomen
421 400 566 472 librarii
593 419 667 470 non
696 399 901 470 exhibetur.
954 402 1030 474 Ista
1058 406 1233 480 llcnri-

119 549 201 599 cus
225 527 399 618 Brenn,
424 546 533 616 quum
552 496 691 595 Romae
707 527 875 618 degeret,
900 528 1079 600 benevole
1094 553 1234 606 mecum

119 651 412 737 communicavit.
463 651 560 721 Ante
586 670 643 719 me
674 649 746 719 hoc
772 651 898 720 codice
928 673 1014 722 usus
1047 663 1104 724 est
1129 656 1233 729 Mu·

118 797 289 869 ranns,
318 775 378 864 qui
403 775 579 846 lectiones
606 774 686 843 eius
708 775 833 843 varias
857 795 880 845 a
900 775 940 845 l).
963 776 1109 849 Petro
1132 780 1235 850 Ma-

118 907 223 974 loet
250 900 396 991 accepit
425 907 482 993 et,
520 904 699 988 quotquot
724 899 834 969 ullius
858 903 1029 971 momenti
1056 904 1233 975 videren-

122 1037 185 1100 tur
209 1047 311 1120 esse,
336 1022 546 1117 publicavit.

225 1250 309 1322 XII.
352 1250 476 1320 Codex
512 1247 771 1320 ottobonianus
800 1275 961 1345 graecus
991 1252 1231 1347 CCLXXIV,

119 1381 169 1450 tle
201 1396 287 1473 quo
304 1375 540 1444 llenricus
568 1374 722 1444 Brunn
747 1377 834 1445 mihi
860 1380 1046 1473 exposuit,
1081 1380 1234 1455 clnarta-

80 1549 83 1555 ,
119 1522 211 1575 cens
241 1502 278 1571 io
306 1503 373 1594 8⁹⁰,
407 1500 546 1569 saeculi
578 1499 708 1569 decimi
743 1500 876 1593 quinti,
902 1511 1033 1591 quarto
1062 1506 1145 1576 loco
1168 1507 1233 1578 sol.

119 1625 318 1719 aa-ot,a
341 1624 688 1714 Athenagorae
713 1624 1026 1714 supplicationem
1052 1633 1234 1720 suppedi-

120 1758 193 1844 tat,
219 1747 292 1820 hoc
316 1748 421 1818 titulo
445 1747 678 1819 instructam:
700 1757 920 1849 Ἀθηναγόρου
943 1761 1107 1852 dequatop
1136 1766 1235 1852 pem.

122 1883 230 1976 σόφον
249 1886 438 1973 manuteneri
456 1886 610 1969 πρεσβεία
631 1893 703 1973 περὶ
723 1893 926 1973 χριστιανῶν.
978 1876 1140 1950 Librarii
1164 1902 1235 1951 no·

123 2022 207 2073 men
232 2020 305 2070 non
327 2000 540 2069 adnotatum
556 2009 636 2067 est.
688 1998 773 2069 Fuit
799 2003 884 2073 olim
906 2024 1020 2092 penes
1051 2003 1235 2075 Cardine-

124 2105 196 2197 lem
220 2122 416 2225 Sirletum,
443 2123 489 2192 tle
515 2121 615 2193 ouius
636 2125 824 2195 codicibus
849 2128 952 2196 mstis
974 2128 1099 2217 pacilo
1126 2136 1234 2200 antea

128 2248 221 2341 dixi3
251 2248 391 2320 scilicet
414 2247 451 2316 in
476 2246 590 2317 Catal.
616 2247 739 2318 Sirlet.
765 2251 864 2338 apud
896 2248 1140 2324 hlillerum
1164 2255 1187 2322 l.
1205 2272 1235 2324 c.

129 2395 160 2465 p.
181 2376 260 2445 alt
285 2378 474 2464 comparet
498 2370 622 2442 Sirlet.
645 2393 679 2441 n.
703 2373 776 2441 160
799 2374 1018 2471 „enpapier
1034 2376 1080 2445 de
1107 2383 1234 2445 cotun:

132 2498 345 2570 instinct
370 2493 739 2586 Athenagoras.“
789 2500 893 2584 Quae
920 2501 1064 2589 quidem
1092 2499 1237 2570 ‹leseri-

134 2626 201 2714 ptio
225 2624 332 2694 unice
356 2622 525 2693 convenit
548 2622 602 2690 illi
625 2621 760 2719 codici,
792 2624 853 2712 qui
879 2632 1008 2715 postea
1033 2628 1082 2695 ad
1102 2624 1237 2721 Cardi-

136 2751 246 2820 nalem
280 2747 500 2818 Ottohonum
534 2746 704 2836 pervenit
744 2747 864 2838 (apud
902 2747 1237 2821 Montesalco·

139 2875 249 2944 nium
279 2873 316 2942 in
332 2871 567 2942 Bibliotheca
590 2870 902 2943 Bibliothecarum
934 2876 957 2943 l.
984 2897 1013 2945 c.
1039 2902 1084 2938 :
1106 2874 1237 2944 ΜΠ.

140 2999 193 3090 to)
224 3005 263 3069 et
298 3008 393 3067 nun'c
429 2996 476 3066 ad
515 2995 744 3079 Vaticanum¹
766 2995 1035 3069 Bibliothecam
1068 2998 1237 3088 pertinet.

77 3112 79 3121 '
139 3120 222 3194 Nam
241 3130 395 3213 praeter
419 3120 682 3211 Athenagorae
711 3123 847 3193 librum
874 3128 1005 3213 quarto
1037 3125 1120 3192 loco
1152 3121 1237 3210 (sol.

138 3247 284 3337 itsqq.)
306 3247 523 3317 collocatum
547 3247 722 3315 nonnulla
748 3247 907 3316 continet
931 3246 1131 3315 Iustiniana
1158 3246 1238 3336 (fol.

138 3374 268 3466 loqu),
293 3391 388 3460 quae
406 3368 552 3459 quidem
569 3369 836 3460 supplicationi
854 3373 1090 3463 praecedunt,
1109 3391 1238 3461 nempe

137 3498 241 3570 hauet
273 3495 322 3567 1⁰.
343 3505 396 3573 Ἐκ
422 3508 480 3591 τῆς
508 3510 540 3588 β’
570 3504 750 3588 ἀπολογίας
777 3504 949 3573 ’locociuou
975 3511 1036 3575 ccii
1064 3508 1240 3595 μάρτυρος,

135 3623 165 3694 l.
196 3647 228 3696 c.
260 3622 384 3712 capitu
422 3620 609 3688 tte-67:
639 3630 742 3715 Ἡμεῖς
772 3631 810 3697 δὲ
830 3633 913 3716 perci
940 3632 978 3700 ro*
1000 3634 1100 3712 οὕτως
1125 3634 1240 3700 λοῦσαι

133 3768 245 3839 ttflquo
276 3748 326 3818 ad
348 3764 405 3821 καὶ
426 3752 505 3839 ipre
526 3754 733 3840 ἀνεθήκαμεν
755 3746 834 3836 (ΓΟῙ.
860 3749 986 3838 1-3).
1042 3750 1091 3819 2⁰·
1113 3757 1238 3827 Ἰουσεῖ-

130 3886 292 3970 ηςΖηνᾷ
305 3892 362 3949 καὶ
376 3886 501 3972 Eppium
522 3872 607 3960 (sol.
628 3873 791 3960 4-14).“
808 3867 858 3942 3⁰.
885 3873 1059 3945 Eiusdem
1087 3882 1236 3960 Ἔκθεσις

129 4012 186 4095 τῆς
207 4008 313 4097 ὀρθῆς
335 4013 475 4085 πίστεως
499 3997 585 4086 (tol.
603 3991 795 4085 1t'-31).
847 3997 923 4070 lam
938 4000 1239 4091 sequiturAthe-

129 4142 297 4216 nagorae
326 4137 504 4219 Πρεσβρῑαε
530 4120 590 4195 oui
625 4121 797 4195 adiuncta
821 4129 881 4195 est
906 4124 994 4196 libri
1017 4125 1071 4196 De
1103 4144 1234 4194 resur-
