2708 4666
348 160 403 224 nu
425 161 758 225 nuncnuncrronu
780 163 1035 227 uonruonurr.
1108 116 1112 127 ⁸
1160 160 1224 226 nee

118 339 211 396 erant
237 337 385 412 superest
411 338 499 396 utet
522 338 736 413 argumentum
759 336 843 413 quod
864 353 905 396 ex
925 337 987 397 fine
1007 315 1131 398 ducitur
1148 317 1227 396 eon·

118 448 310 521 uideremus,
332 446 393 505 iam
410 445 533 521 quidem
559 462 599 505 cx
620 446 660 504 iis
677 461 758 522 quae
781 446 864 505 dicta
888 449 961 506 suut
984 446 1132 522 elucens,
1155 448 1227 504 tan-

117 561 183 618 tum
208 571 285 614 vero
311 555 574 614 considerationis
598 559 629 614 et
662 557 851 615 messionis
867 559 1050 633 requirens,
1080 558 1225 632 quantum

118 683 198 742 opus
222 667 321 724 estut
337 681 397 724 non
419 664 581 724 videamur
607 665 725 740 aliquid
743 683 784 725 ex
799 667 839 725 iis
861 683 941 744 quae
962 668 1070 744 paucis
1095 682 1114 723 a
1135 665 1227 725 nobis

118 777 202 836 dicta
238 779 309 834 sunt
341 776 583 834 immemoratum
616 775 795 850 relinquere
827 779 860 835 et
891 776 1052 836 materiam
1077 778 1131 834 aut
1153 792 1227 834 sus·
1253 829 1254 833 ,

116 890 239 963 ceptam
257 885 296 944 ab
311 885 400 944 initio
416 884 600 944 divisionem
620 885 760 945 laedere.
796 885 910 960 llorum
932 887 1028 964 igitur
1047 886 1226 962 ingratiam

117 1000 280 1057 eteorum
311 995 362 1070 qui
386 993 444 1053 lias
473 994 504 1053 iu
539 1011 591 1053 res
616 994 792 1053 incumbent
823 996 1020 1072 praeclarum
1050 994 1146 1054 luerit
1167 994 1227 1054 loe

118 1105 330 1166 tantummodo
346 1104 535 1179 observare,
559 1106 698 1181 [nempe]
724 1111 757 1163 et
772 1120 879 1164 eorum
893 1122 973 1180 quae
987 1123 1006 1165 a
1022 1109 1133 1165 natura
1151 1120 1227 1164 con-

118 1217 230 1276 stituta
247 1219 319 1274 sunt
335 1218 368 1272 et
385 1229 490 1273 corum
510 1231 589 1289 quae
614 1226 682 1273 arie
699 1215 775 1273 liunt
792 1216 952 1292 proprium
972 1216 1121 1290 cuiusque
1137 1215 1227 1273 finem

118 1343 192 1386 esse
216 1325 350 1384 dehere:
387 1325 470 1399 quod
496 1325 618 1399 quidem
648 1328 681 1383 et
707 1325 875 1384 communis
904 1325 1036 1383 omnium
1053 1326 1139 1385 notio
1169 1341 1227 1384 nos

119 1437 214 1496 docet
244 1439 276 1493 et
304 1451 356 1493 res
388 1439 461 1493 aute
490 1434 599 1493 oculos
622 1436 745 1512 positae
773 1437 940 1494 testantur.
984 1434 1033 1492 An
1058 1450 1119 1493 non
1146 1435 1227 1494 enim

118 1546 261 1606 videmus
287 1543 381 1603 alium
405 1559 477 1601 esse
500 1544 665 1620 agricolis,
698 1544 791 1603 ulium
818 1544 944 1603 medicis
970 1545 1164 1622 propositum
1189 1545 1228 1604 li-

118 1672 206 1731 nem,
227 1672 263 1714 ac
285 1670 394 1712 rursus
415 1653 509 1712 alium
533 1669 639 1713 eorum
663 1670 743 1728 quae
767 1670 807 1712 ex
822 1657 908 1713 terre
925 1658 1110 1734 nuscuntur,
1133 1656 1227 1716 elium

119 1782 198 1825 vero
221 1765 395 1824 animalium
425 1779 505 1838 quae
535 1763 564 1821 in
592 1766 678 1821 terra
709 1763 852 1823 victitant
875 1765 907 1822 et
931 1764 1065 1824 naturali
1095 1765 1228 1841 quedam

118 2002 250 2073 γενέσεως
267 2004 311 2059 καὶ
333 2005 383 2072 τῆς
402 2004 458 2056 cciv
472 2002 571 2070 φυτῶν
589 2003 656 2072 dtu·
694 2003 846 2055 carissimam
885 2002 1029 2069 praebeant.
1082 2005 1229 2059 loserriuut

120 2090 258 2160 ατήοεως,
273 2093 329 2144 τῶν
346 2086 418 2143 κατὰ
438 2089 536 2157 τέχνην
555 2085 593 2151 ὥς
612 2086 657 2144 tut
693 2099 760 2150 euim
778 2098 901 2149 elementa
919 2099 1068 2165 cerporibus
1092 2101 1229 2167 mixtis,

120 2179 229 2244 σπορᾶς
259 2178 304 2230 καὶ
333 2179 458 2244 φυτείας.
483 2204 516 2214 -
550 2176 658 2230 Clar.2
693 2187 720 2234 et
744 2183 841 2259 lrorum¹
864 2183 998 2236 inanimata
1030 2186 1136 2252 rivin,
1161 2187 1229 2240 inter

120 2262 172 2318 edu
191 2265 335 2333 (pruscie)
357 2260 385 2317 ἐκ
404 2261 472 2331 pcc.
693 2268 747 2319 vira
778 2268 872 2335 stirpes
905 2268 1129 2334 animalibus,
1161 2271 1229 2325 inter

189 2352 215 2406 5.
235 2345 319 2404 τοῦτό
339 2355 406 2414 που]
427 2352 462 2404 lta
479 2364 566 2402 omncs
584 2347 656 2400 codd.
692 2353 805 2405 animalia
820 2351 930 2423 pecudes
949 2355 1178 2425 lrcmiuieatque
1192 2359 1229 2410 sic

121 2439 190 2490 meti.
236 2437 349 2490 Nunnius
385 2437 560 2508 imprudenter
595 2435 657 2501 legit
692 2442 776 2490 cetera
793 2437 891 2506 quidem
910 2441 1028 2493 universe
1046 2430 1228 2513 suntproptcr

122 2524 174 2576 τοῦ
200 2518 290 2576 τόπου
315 2526 356 2588 (ut
374 2523 458 2574 Valla:
483 2521 571 2588 loco),
590 2520 656 2573 unde
691 2523 833 2587 hominem,
859 2525 932 2577 lrcmo
957 2540 1018 2578 rere
1042 2542 1097 2592 ipse
1121 2526 1228 2598 p‘ropter

121 2608 213 2677 reliqui
239 2608 351 2660 editores
378 2609 430 2660 euri
454 2603 561 2675 τρόπον
580 2607 657 2659 stulte
691 2609 799 2676 deum,
817 2623 867 2661 nen
883 2611 949 2678 qued
968 2626 1055 2665 cerere
1068 2629 1161 2666 numen
1174 2611 1225 2670 cd-

121 2694 246 2747 leceruut.
307 2694 382 2746 Solus
416 2694 535 2746 lllaranus
572 2707 656 2745 reram
693 2703 1228 2780 200230202070901811021„nonpos-

123 2779 221 2830 auctori
240 2776 350 2830 reddidit
368 2779 527 2846 scripturam·
692 2791 733 2853 sit,
751 2791 796 2843 sed
815 2791 881 2860 qued
897 2795 1021 2863 placuerit
1039 2795 1074 2848 illi
1091 2797 1228 2865 hominem,

192 2862 216 2916 θ·
237 2853 285 2927 Ἦ]
313 2864 372 2917 Pti-
396 2864 413 2916 3
438 2869 464 2915 tt
490 2862 593 2917 Chr-²
622 2864 655 2918 tl·
692 2877 848 2928 carissimum
867 2879 916 2930 sibi
934 2879 1033 2945 animet,
1053 2883 1226 2950 compendium

123 2949 162 3003 Gt·
184 2967 205 3003 c·
233 2948 275 3001 1⁸·
303 2966 326 3004 ¹¹·
355 2949 395 3003 16-
438 2950 546 3015 Νθῑθῑῑθ
571 2942 606 3003 ⁰¹³⁹
631 2951 657 3002 tt·
691 2961 814 3029 quoddam
848 2964 959 3016 uniuersi
991 2970 1018 3018 ct
1044 2972 1173 3035 centrum,
1202 2971 1228 3023 in

122 3035 188 3103 Arg.
206 3036 305 3086 omissa.
329 3036 387 3088 rtet.
405 3049 454 3088 nco
473 3030 659 3103 ὑποκείμενον
692 3046 758 3114 quod
784 3062 871 3099 omues
905 3049 1061 3117 reliquorum
1092 3066 1227 3121 corporum

122 3120 169 3174 aed
199 3115 379 3184 tituttlttw'·
431 3120 600 3173 S⁰h⁰¹t⁰¹¹
632 3122 657 3172 5¹¹
691 3133 772 3184 lineae
805 3136 919 3199 coirent,
950 3135 984 3186 ila
1014 3133 1165 3201 disponere,
1199 3146 1228 3193 ut

122 3220 203 3272 msrss·
225 3206 284 3260 Ptr-
305 3206 337 3258 1:
362 3208 428 3267 Τοῖς
445 3208 596 3274 νεωογθῦΰῑ
614 3203 658 3260 ‘t'-
693 3217 899 3286 quemadmodum
917 3220 971 3271 aris
995 3223 1075 3271 rotem
1096 3229 1228 3287 promeret
1251 3280 1253 3282 ,

121 3294 170 3353 tot
190 3285 205 3346 ὁ
225 3285 344 3359 ἄμητος,
362 3297 422 3355 τοῖς
440 3290 657 3374 Ῑαῐοξΰῡνσινὴ
692 3305 729 3356 sic
755 3305 827 3372 ipse,
854 3305 894 3356 cut
911 3304 958 3356 soli
986 3304 1054 3357 inter
1073 3305 1117 3358 iras
1135 3320 1228 3375 corpe·

122 3371 218 3445 ὁγεία,
252 3379 309 3431 τῶν
332 3374 361 3431 ἐκ
385 3380 435 3447 γῆς
466 3379 617 3446 φυομένων
641 3376 658 3451 ἡ
693 3405 749 3442 reas
782 3394 883 3441 naturas
917 3389 1075 3457 intelligendi
1108 3407 1227 3447 concesse

123 3456 259 3517 ἁπάντων
274 3461 387 3532 οοιλογὴ
406 3467 462 3518 τῶν
480 3461 592 3531 dputes
610 3468 658 3523 unt
691 3475 798 3528 incultas
815 3478 862 3541 est,
881 3476 981 3542 globum
1005 3476 1069 3529 coeli
1087 3480 1229 3545 pariterue

122 3548 156 3603 sd
184 3544 349 3604 αὐανθέντα
367 3545 385 3620 ἢ
403 3552 470 3618 πυρὶ
489 3556 658 3622 παραδοθῇ·
693 3564 777 3613 terrae
811 3577 896 3613 serum
923 3561 1036 3615 volveret
1063 3564 1089 3615 ln
1123 3565 1227 3631 gloriam

121 3653 172 3688 vce
191 3630 209 3703 ἦ
227 3655 286 3689 erun
311 3639 388 3710 χρείᾳ
407 3639 446 3700 εἰς
464 3636 597 3694 σύστασιν
616 3641 657 3695 cl·
693 3647 782 3698 summi
794 3645 905 3700 artificis.
927 3648 1227 3717 Sapienterergcllllre-

122 3721 187 3783 utne
212 3714 231 3789 ἢ
253 3718 321 3785 crde
344 3728 579 3795 παραληφθῆναι.
605 3730 657 3780 lle-
693 3746 816 3799 nuperae,
840 3733 1031 3800 pulcherrimam
1056 3733 1144 3788 finium
1166 3752 1229 3791 corr·

123 3807 309 3875 chenbcrglus:
344 3810 415 3874 „Res
449 3827 536 3866 omncs
566 3831 579 3866 e
611 3814 658 3867 deo
692 3818 848 3871 secutionem
875 3819 1034 3887 speculatus,
1061 3820 1091 3873 ed
1114 3823 1227 3876 ultimum

122 3899 223 3947 creatae
248 3895 435 3961 elegantissimo
462 3914 529 3951 nexu
548 3903 581 3953 ita
599 3906 659 3954 sunt
693 3904 800 3956 heminis
812 3903 888 3956 linem
904 3906 1105 3971 cognoscendum
1121 3922 1167 3960 ncs
1182 3909 1228 3962 de-

122 3981 191 4033 inter
208 3981 422 4050 secemplicatac,
440 3988 467 4035 ut
485 3987 656 4055 contemplari-
692 3988 774 4054 ducit,
797 4004 825 4043 ac
855 3989 915 4042 inde
937 3992 1047 4044 luterem
1073 3993 1127 4045 eius
1153 3995 1228 4048 uitam
1322 4029 1326 4039 ,

122 4066 189 4118 titus
209 4068 281 4119 nobis
295 4082 380 4120 earum
398 4067 577 4124 finemscalam
596 4089 657 4142 qua·
693 4075 823 4130 meliorem
865 4079 1079 4131 resurrectionem
1122 4078 1226 4131 demen-

122 4153 158 4217 si,
177 4165 226 4220 qun
243 4153 269 4204 in
287 4151 361 4205 deum
381 4156 561 4224 ascendamus,
587 4158 656 4211 ordi·
691 4163 784 4215 slrat.“
820 4162 858 4216 cl.
878 4176 900 4216 ο.
918 4160 961 4243 25.
986 4178 1010 4214 n.
1031 4163 1072 4215 11.
