<?xml version="1.0" encoding="UTF-8"?>
<!DOCTYPE html PUBLIC "-//W3C//DTD XHTML 1.0 Transitional//EN"
    "http://www.w3.org/TR/xhtml1/DTD/xhtml1-transitional.dtd">
<html xmlns="http://www.w3.org/1999/xhtml" xml:lang="en" lang="en">
 <head>
  <title>
</title>
<meta http-equiv="Content-Type" content="text/html;charset=utf-8" />
  <meta name='ocr-system' content='tesseract 3.04.00' />
  <meta name='ocr-capabilities' content='ocr_page ocr_carea ocr_par ocr_line ocrx_word'/>
</head>
<body>
  <div class='ocr_page' id='page_1' title='image "./corpusapologeta01unkngoog_0186.png"; bbox 0 0 2708 4666; ppageno 0'>
   <div class='ocr_carea' id='block_1_1' title="bbox 444 177 1238 255">
    <p class='ocr_par' dir='ltr' id='par_1_1' title="bbox 444 177 1238 255">
     <span class='ocr_line' id='line_1_1' title="bbox 444 177 1238 255; baseline 0.024 -19"><span class='ocrx_word' id='word_1_1' title='bbox 444 177 596 247; x_wconf 76' lang='lat' dir='ltr'><strong>nuntio</strong></span> <span class='ocrx_word' id='word_1_2' title='bbox 619 179 677 240; x_wconf 86' lang='lat' dir='ltr'><strong>AD</strong></span> <span class='ocrx_word' id='word_1_3' title='bbox 704 179 900 254; x_wconf 71' lang='lat' dir='ltr'><strong>amcos.</strong></span> <span class='ocrx_word' id='word_1_4' title='bbox 1196 189 1238 255; x_wconf 79' lang='grc'><strong>97</strong></span> 
     </span>
    </p>
   </div>
   <div class='ocr_carea' id='block_1_2' title="bbox 116 346 1297 1424">
    <p class='ocr_par' dir='ltr' id='par_1_2' title="bbox 116 346 1297 1424">
     <span class='ocr_line' id='line_1_2' title="bbox 120 346 1236 434; baseline 0.017 -28"><span class='ocrx_word' id='word_1_5' title='bbox 120 363 230 409; x_wconf 86' lang='lat' dir='ltr'><strong>vorum</strong></span> <span class='ocrx_word' id='word_1_6' title='bbox 254 346 439 410; x_wconf 89' lang='lat' dir='ltr'><strong>daemonum</strong></span> <span class='ocrx_word' id='word_1_7' title='bbox 467 351 633 412; x_wconf 88' lang='lat' dir='ltr'><strong>occasione</strong></span> <span class='ocrx_word' id='word_1_8' title='bbox 657 352 813 415; x_wconf 88' lang='lat' dir='ltr'><strong>celebrati</strong></span> <span class='ocrx_word' id='word_1_9' title='bbox 845 356 877 416; x_wconf 92' lang='lat' dir='ltr'><strong>iu</strong></span> <span class='ocrx_word' id='word_1_10' title='bbox 905 359 1104 434; x_wconf 78' lang='lat' dir='ltr'><strong>ignominiam</strong></span> <span class='ocrx_word' id='word_1_11' title='bbox 1133 363 1236 425; x_wconf 73' lang='lat' dir='ltr'><strong>honi·</strong></span> 
     </span>
     <span class='ocr_line' id='line_1_3' title="bbox 118 457 1297 549; baseline 0.016 -32"><span class='ocrx_word' id='word_1_12' title='bbox 118 473 173 518; x_wconf 90' lang='lat' dir='ltr'><strong>nes</strong></span> <span class='ocrx_word' id='word_1_13' title='bbox 200 457 400 535; x_wconf 75' lang='lat' dir='ltr'><strong>impinguati</strong></span> <span class='ocrx_word' id='word_1_14' title='bbox 443 459 518 521; x_wconf 88' lang='lat' dir='ltr'><strong>Vidi</strong></span> <span class='ocrx_word' id='word_1_15' title='bbox 543 463 707 537; x_wconf 86' lang='lat' dir='ltr'><strong>quemdam</strong></span> <span class='ocrx_word' id='word_1_16' title='bbox 740 467 987 545; x_wconf 83' lang='lat' dir='ltr'><strong>saepenumero,</strong></span> <span class='ocrx_word' id='word_1_17' title='bbox 1014 474 1047 530; x_wconf 90' lang='lat' dir='ltr'><strong>et</strong></span> <span class='ocrx_word' id='word_1_18' title='bbox 1070 489 1162 549; x_wconf 86' lang='lat' dir='ltr'><strong>quum</strong></span> <span class='ocrx_word' id='word_1_19' title='bbox 1184 474 1236 535; x_wconf 84' lang='lat' dir='ltr'><strong>vi·</strong></span> <span class='ocrx_word' id='word_1_20' title='bbox 1291 469 1297 485; x_wconf 61' lang='lat'><em>¹</em></span> 
     </span>
     <span class='ocr_line' id='line_1_4' title="bbox 118 567 1236 660; baseline 0.018 -34"><span class='ocrx_word' id='word_1_21' title='bbox 118 567 226 627; x_wconf 87' lang='lat' dir='ltr'><strong>dorem</strong></span> <span class='ocrx_word' id='word_1_22' title='bbox 250 567 383 628; x_wconf 76' lang='lat' dir='ltr'><strong>miratus</strong></span> <span class='ocrx_word' id='word_1_23' title='bbox 400 585 484 648; x_wconf 89' lang='lat' dir='ltr'><strong>sum,</strong></span> <span class='ocrx_word' id='word_1_24' title='bbox 504 573 538 632; x_wconf 91' lang='lat' dir='ltr'><strong>et</strong></span> <span class='ocrx_word' id='word_1_25' title='bbox 560 575 728 649; x_wconf 80' lang='lat' dir='ltr'><strong>postquam</strong></span> <span class='ocrx_word' id='word_1_26' title='bbox 748 575 881 635; x_wconf 78' lang='lat' dir='ltr'><strong>miratus</strong></span> <span class='ocrx_word' id='word_1_27' title='bbox 912 593 981 637; x_wconf 89' lang='lat' dir='ltr'><strong>sum</strong></span> <span class='ocrx_word' id='word_1_28' title='bbox 1008 584 1174 660; x_wconf 74' lang='lat' dir='ltr'><strong>mentemst,</strong></span> <span class='ocrx_word' id='word_1_29' title='bbox 1201 586 1236 646; x_wconf 91' lang='lat' dir='ltr'><strong>ut</strong></span> 
     </span>
     <span class='ocr_line' id='line_1_5' title="bbox 117 677 1236 768; baseline 0.014 -32"><span class='ocrx_word' id='word_1_30' title='bbox 117 678 169 753; x_wconf 85' lang='lat' dir='ltr'><strong>qui</strong></span> <span class='ocrx_word' id='word_1_31' title='bbox 191 678 278 737; x_wconf 86' lang='lat' dir='ltr'><strong>tutus</strong></span> <span class='ocrx_word' id='word_1_32' title='bbox 298 677 341 738; x_wconf 90' lang='lat' dir='ltr'><strong>sit</strong></span> <span class='ocrx_word' id='word_1_33' title='bbox 360 678 459 757; x_wconf 88' lang='lat' dir='ltr'><strong>alius,</strong></span> <span class='ocrx_word' id='word_1_34' title='bbox 495 679 575 740; x_wconf 85' lang='lat' dir='ltr'><strong>loris</strong></span> <span class='ocrx_word' id='word_1_35' title='bbox 603 685 707 743; x_wconf 90' lang='lat' dir='ltr'><strong>autem</strong></span> <span class='ocrx_word' id='word_1_36' title='bbox 729 683 763 742; x_wconf 89' lang='lat' dir='ltr'><strong>id</strong></span> <span class='ocrx_word' id='word_1_37' title='bbox 785 685 870 760; x_wconf 82' lang='lat' dir='ltr'><strong>qood</strong></span> <span class='ocrx_word' id='word_1_38' title='bbox 896 703 957 746; x_wconf 93' lang='lat' dir='ltr'><strong>uon</strong></span> <span class='ocrx_word' id='word_1_39' title='bbox 979 691 1037 748; x_wconf 91' lang='lat' dir='ltr'><strong>est·</strong></span> <span class='ocrx_word' id='word_1_40' title='bbox 1057 693 1236 768; x_wconf 87' lang='lat' dir='ltr'><strong>mentiatur,</strong></span> 
     </span>
     <span class='ocr_line' id='line_1_6' title="bbox 117 787 1236 876; baseline 0.013 -30"><span class='ocrx_word' id='word_1_41' title='bbox 117 787 213 847; x_wconf 81' lang='lat' dir='ltr'><strong>ualde</strong></span> <span class='ocrx_word' id='word_1_42' title='bbox 235 787 426 863; x_wconf 72' lang='lat' dir='ltr'><strong>gloriantem</strong></span> <span class='ocrx_word' id='word_1_43' title='bbox 451 791 485 850; x_wconf 88' lang='lat' dir='ltr'><strong>et</strong></span> <span class='ocrx_word' id='word_1_44' title='bbox 512 791 594 850; x_wconf 91' lang='lat' dir='ltr'><strong>omui</strong></span> <span class='ocrx_word' id='word_1_45' title='bbox 616 793 709 852; x_wconf 90' lang='lat' dir='ltr'><strong>modo</strong></span> <span class='ocrx_word' id='word_1_46' title='bbox 733 794 906 871; x_wconf 92' lang='lat' dir='ltr'><strong>mollitum,</strong></span> <span class='ocrx_word' id='word_1_47' title='bbox 942 798 975 856; x_wconf 94' lang='lat' dir='ltr'><strong>et</strong></span> <span class='ocrx_word' id='word_1_48' title='bbox 998 800 1113 876; x_wconf 89' lang='lat' dir='ltr'><strong>partim</strong></span> <span class='ocrx_word' id='word_1_49' title='bbox 1135 801 1236 862; x_wconf 89' lang='lat' dir='ltr'><strong>oculis</strong></span> 
     </span>
     <span class='ocr_line' id='line_1_7' title="bbox 116 898 1235 983; baseline 0.01 -25"><span class='ocrx_word' id='word_1_50' title='bbox 116 898 315 975; x_wconf 82' lang='lat' dir='ltr'><strong>rutilantem,</strong></span> <span class='ocrx_word' id='word_1_51' title='bbox 353 899 468 977; x_wconf 87' lang='lat' dir='ltr'><strong>partim</strong></span> <span class='ocrx_word' id='word_1_52' title='bbox 490 917 598 960; x_wconf 85' lang='lat' dir='ltr'><strong>manus</strong></span> <span class='ocrx_word' id='word_1_53' title='bbox 627 899 690 962; x_wconf 88' lang='lat' dir='ltr'><strong>huo</strong></span> <span class='ocrx_word' id='word_1_54' title='bbox 717 902 793 962; x_wconf 88' lang='lat' dir='ltr'><strong>illuc</strong></span> <span class='ocrx_word' id='word_1_55' title='bbox 820 907 1018 983; x_wconf 86' lang='lat' dir='ltr'><strong>versantem,</strong></span> <span class='ocrx_word' id='word_1_56' title='bbox 1064 910 1098 966; x_wconf 90' lang='lat' dir='ltr'><strong>et</strong></span> <span class='ocrx_word' id='word_1_57' title='bbox 1128 909 1235 969; x_wconf 88' lang='lat' dir='ltr'><strong>lutoso</strong></span> 
     </span>
     <span class='ocr_line' id='line_1_8' title="bbox 118 1006 1235 1095; baseline 0.009 -27"><span class='ocrx_word' id='word_1_58' title='bbox 118 1008 206 1068; x_wconf 81' lang='lat' dir='ltr'><strong>uultu</strong></span> <span class='ocrx_word' id='word_1_59' title='bbox 228 1006 456 1086; x_wconf 87' lang='lat' dir='ltr'><strong>insanisutem,</strong></span> <span class='ocrx_word' id='word_1_60' title='bbox 482 1012 517 1068; x_wconf 91' lang='lat' dir='ltr'><strong>et</strong></span> <span class='ocrx_word' id='word_1_61' title='bbox 544 1027 625 1072; x_wconf 91' lang='lat' dir='ltr'><strong>uuuo</strong></span> <span class='ocrx_word' id='word_1_62' title='bbox 646 1011 776 1089; x_wconf 90' lang='lat' dir='ltr'><strong>Veneri,</strong></span> <span class='ocrx_word' id='word_1_63' title='bbox 815 1030 896 1073; x_wconf 90' lang='lat' dir='ltr'><strong>nuno</strong></span> <span class='ocrx_word' id='word_1_64' title='bbox 922 1014 1066 1092; x_wconf 83' lang='lat' dir='ltr'><strong>Apollini</strong></span> <span class='ocrx_word' id='word_1_65' title='bbox 1090 1018 1235 1095; x_wconf 89' lang='lat' dir='ltr'><strong>similem,</strong></span> 
     </span>
     <span class='ocr_line' id='line_1_9' title="bbox 118 1117 1234 1204; baseline 0.006 -25"><span class='ocrx_word' id='word_1_66' title='bbox 118 1134 208 1179; x_wconf 88' lang='lat' dir='ltr'><strong>ouum</strong></span> <span class='ocrx_word' id='word_1_67' title='bbox 232 1117 367 1177; x_wconf 88' lang='lat' dir='ltr'><strong>omnium</strong></span> <span class='ocrx_word' id='word_1_68' title='bbox 396 1119 525 1180; x_wconf 88' lang='lat' dir='ltr'><strong>deorum</strong></span> <span class='ocrx_word' id='word_1_69' title='bbox 553 1122 779 1198; x_wconf 86' lang='lat' dir='ltr'><strong>accusatorem,</strong></span> <span class='ocrx_word' id='word_1_70' title='bbox 817 1124 1054 1199; x_wconf 81' lang='lat' dir='ltr'><strong>superstitionis</strong></span> <span class='ocrx_word' id='word_1_71' title='bbox 1084 1142 1234 1204; x_wconf 90' lang='lat' dir='ltr'><strong>compen-</strong></span> 
     </span>
     <span class='ocr_line' id='line_1_10' title="bbox 118 1227 1234 1313; baseline 0.008 -26"><span class='ocrx_word' id='word_1_72' title='bbox 118 1227 216 1304; x_wconf 86' lang='lat' dir='ltr'><strong>dium,</strong></span> <span class='ocrx_word' id='word_1_73' title='bbox 241 1227 490 1305; x_wconf 84' lang='lat' dir='ltr'><strong>vituperatorem</strong></span> <span class='ocrx_word' id='word_1_74' title='bbox 511 1227 710 1290; x_wconf 83' lang='lat' dir='ltr'><strong>heroicarum</strong></span> <span class='ocrx_word' id='word_1_75' title='bbox 735 1230 908 1309; x_wconf 88' lang='lat' dir='ltr'><strong>actionum,</strong></span> <span class='ocrx_word' id='word_1_76' title='bbox 935 1235 1076 1295; x_wconf 87' lang='lat' dir='ltr'><strong>caedium</strong></span> <span class='ocrx_word' id='word_1_77' title='bbox 1097 1252 1234 1313; x_wconf 89' lang='lat' dir='ltr'><strong>reprae-</strong></span> 
     </span>
     <span class='ocr_line' id='line_1_11' title="bbox 118 1338 1234 1424; baseline 0.008 -27"><span class='ocrx_word' id='word_1_78' title='bbox 118 1338 327 1414; x_wconf 89' lang='lat' dir='ltr'><strong>sentatorem,</strong></span> <span class='ocrx_word' id='word_1_79' title='bbox 379 1338 528 1399; x_wconf 87' lang='lat' dir='ltr'><strong>adulterii</strong></span> <span class='ocrx_word' id='word_1_80' title='bbox 555 1340 818 1417; x_wconf 81' lang='lat' dir='ltr'><strong>monstraturum,</strong></span> <span class='ocrx_word' id='word_1_81' title='bbox 868 1341 1050 1404; x_wconf 88' lang='lat' dir='ltr'><strong>thesaurum</strong></span> <span class='ocrx_word' id='word_1_82' title='bbox 1082 1345 1234 1424; x_wconf 84' lang='lat' dir='ltr'><strong>insaniae,</strong></span> 
     </span>
    </p>
   </div>
   <div class='ocr_carea' id='block_1_3' title="bbox 118 1448 1233 1636">
    <p class='ocr_par' dir='ltr' id='par_1_3' title="bbox 118 1448 1233 1636">
     <span class='ocr_line' id='line_1_12' title="bbox 118 1448 1232 1527; baseline 0.005 -21"><span class='ocrx_word' id='word_1_83' title='bbox 118 1448 329 1526; x_wconf 78' lang='lat' dir='ltr'><strong>synnadorum</strong></span> <span class='ocrx_word' id='word_1_84' title='bbox 350 1448 522 1524; x_wconf 87' lang='lat' dir='ltr'><strong>doctorem,</strong></span> <span class='ocrx_word' id='word_1_85' title='bbox 552 1448 778 1509; x_wconf 88' lang='lat' dir='ltr'><strong>sententiarum</strong></span> <span class='ocrx_word' id='word_1_86' title='bbox 806 1451 988 1527; x_wconf 86' lang='lat' dir='ltr'><strong>capitalium</strong></span> <span class='ocrx_word' id='word_1_87' title='bbox 1018 1454 1232 1515; x_wconf 84' lang='lat' dir='ltr'><strong>occasionem:</strong></span> 
     </span>
     <span class='ocr_line' id='line_1_13' title="bbox 119 1556 1233 1636; baseline 0.004 -19"><span class='ocrx_word' id='word_1_88' title='bbox 119 1561 149 1618; x_wconf 90' lang='lat' dir='ltr'><strong>et</strong></span> <span class='ocrx_word' id='word_1_89' title='bbox 179 1558 276 1617; x_wconf 86' lang='lat' dir='ltr'><strong>talem</strong></span> <span class='ocrx_word' id='word_1_90' title='bbox 309 1556 351 1616; x_wconf 91' lang='lat' dir='ltr'><strong>ab</strong></span> <span class='ocrx_word' id='word_1_91' title='bbox 384 1557 526 1617; x_wconf 84' lang='lat' dir='ltr'><strong>omuibus</strong></span> <span class='ocrx_word' id='word_1_92' title='bbox 559 1557 728 1618; x_wconf 89' lang='lat' dir='ltr'><strong>laudatum.</strong></span> <span class='ocrx_word' id='word_1_93' title='bbox 788 1557 858 1636; x_wconf 81' lang='lat' dir='ltr'><strong>Ego</strong></span> <span class='ocrx_word' id='word_1_94' title='bbox 891 1562 994 1621; x_wconf 92' lang='lat' dir='ltr'><strong>autem</strong></span> <span class='ocrx_word' id='word_1_95' title='bbox 1029 1577 1099 1621; x_wconf 89' lang='lat' dir='ltr'><strong>eum</strong></span> <span class='ocrx_word' id='word_1_96' title='bbox 1130 1563 1233 1622; x_wconf 91' lang='lat' dir='ltr'><strong>omnia</strong></span> 
     </span>
    </p>
   </div>
   <div class='ocr_carea' id='block_1_4' title="bbox 119 1667 1233 1747">
    <p class='ocr_par' dir='ltr' id='par_1_4' title="bbox 119 1667 1233 1747">
     <span class='ocr_line' id='line_1_14' title="bbox 119 1667 1233 1747; baseline 0.004 -19"><span class='ocrx_word' id='word_1_97' title='bbox 119 1669 318 1729; x_wconf 87' lang='lat' dir='ltr'><strong>mentientem</strong></span> <span class='ocrx_word' id='word_1_98' title='bbox 349 1667 545 1729; x_wconf 84' lang='lat' dir='ltr'><strong>abominatus</strong></span> <span class='ocrx_word' id='word_1_99' title='bbox 576 1686 660 1746; x_wconf 89' lang='lat' dir='ltr'><strong>sum,</strong></span> <span class='ocrx_word' id='word_1_100' title='bbox 699 1672 732 1729; x_wconf 91' lang='lat' dir='ltr'><strong>ot</strong></span> <span class='ocrx_word' id='word_1_101' title='bbox 753 1669 947 1747; x_wconf 87' lang='lat' dir='ltr'><strong>impietatem</strong></span> <span class='ocrx_word' id='word_1_102' title='bbox 974 1671 1043 1731; x_wconf 86' lang='lat' dir='ltr'><strong>eius</strong></span> <span class='ocrx_word' id='word_1_103' title='bbox 1066 1673 1099 1732; x_wconf 89' lang='lat' dir='ltr'><strong>et</strong></span> <span class='ocrx_word' id='word_1_104' title='bbox 1127 1671 1233 1733; x_wconf 87' lang='lat' dir='ltr'><strong>studia</strong></span> 
     </span>
    </p>
   </div>
   <div class='ocr_carea' id='block_1_5' title="bbox 70 1943 1231 4239">
    <p class='ocr_par' dir='ltr' id='par_1_5' title="bbox 119 1943 1231 2272">
     <span class='ocr_line' id='line_1_15' title="bbox 120 1943 1231 2002; baseline 0.005 -7"><span class='ocrx_word' id='word_1_105' title='bbox 120 1943 235 1997; x_wconf 82' lang='lat' dir='ltr'><strong>ltorttnus</strong></span> <span class='ocrx_word' id='word_1_106' title='bbox 261 1944 326 1997; x_wconf 90' lang='lat' dir='ltr'><strong>male</strong></span> <span class='ocrx_word' id='word_1_107' title='bbox 352 1948 460 2000; x_wconf 83' lang='lat' dir='ltr'><strong>mutarit</strong></span> <span class='ocrx_word' id='word_1_108' title='bbox 492 1948 518 2000; x_wconf 90' lang='lat' dir='ltr'><strong>in</strong></span> <span class='ocrx_word' id='word_1_109' title='bbox 542 1947 600 2001; x_wconf 81' lang='grc' dir='ltr'><strong><em>τοῖν</em></strong></span> <span class='ocrx_word' id='word_1_110' title='bbox 626 1943 657 2002; x_wconf 80' lang='grc' dir='ltr'><strong>ἐν</strong></span> <span class='ocrx_word' id='word_1_111' title='bbox 690 1952 815 2002; x_wconf 88' lang='lat' dir='ltr'><strong>monstrat</strong></span> <span class='ocrx_word' id='word_1_112' title='bbox 834 1965 876 2002; x_wconf 81' lang='lat' dir='ltr'><strong>res</strong></span> <span class='ocrx_word' id='word_1_113' title='bbox 894 1950 1007 2002; x_wconf 85' lang='lat' dir='ltr'><strong>scenicas</strong></span> <span class='ocrx_word' id='word_1_114' title='bbox 1026 1947 1167 2002; x_wconf 80' lang='lat' dir='ltr'><strong>idolotatrii</strong></span> <span class='ocrx_word' id='word_1_115' title='bbox 1189 1952 1231 2001; x_wconf 91' lang='lat' dir='ltr'><strong>to-</strong></span> 
     </span>
     <span class='ocr_line' id='line_1_16' title="bbox 119 2024 1231 2102; baseline 0.004 -20"><span class='ocrx_word' id='word_1_116' title='bbox 119 2024 424 2099; x_wconf 65' lang='lat' dir='ltr'><strong>transmeduanensis</strong></span> <span class='ocrx_word' id='word_1_117' title='bbox 436 2033 567 2102; x_wconf 72' lang='grc' dir='ltr'><strong><em>δίκῃι-</em></strong></span> <span class='ocrx_word' id='word_1_118' title='bbox 590 2034 656 2087; x_wconf 83' lang='lat' dir='ltr'><strong>Dein</strong></span> <span class='ocrx_word' id='word_1_119' title='bbox 689 2037 729 2086; x_wconf 86' lang='lat' dir='ltr'><strong>tas</strong></span> <span class='ocrx_word' id='word_1_120' title='bbox 746 2035 887 2098; x_wconf 79' lang='lat' dir='ltr'><strong>contineri,</strong></span> <span class='ocrx_word' id='word_1_121' title='bbox 913 2035 967 2086; x_wconf 82' lang='lat' dir='ltr'><strong>sine</strong></span> <span class='ocrx_word' id='word_1_122' title='bbox 996 2034 1069 2099; x_wconf 72' lang='lat' dir='ltr'><strong>origo</strong></span> <span class='ocrx_word' id='word_1_123' title='bbox 1100 2038 1231 2102; x_wconf 79' lang='lat' dir='ltr'><strong>spectetur</strong></span> 
     </span>
     <span class='ocr_line' id='line_1_17' title="bbox 120 2113 1231 2189; baseline 0.005 -24"><span class='ocrx_word' id='word_1_124' title='bbox 120 2113 173 2167; x_wconf 85' lang='lat' dir='ltr'><strong>lar.</strong></span> <span class='ocrx_word' id='word_1_125' title='bbox 196 2116 215 2170; x_wconf 75' lang='grc'><strong>2</strong></span> <span class='ocrx_word' id='word_1_126' title='bbox 235 2115 416 2184; x_wconf 67' lang='grc' dir='ltr'><strong>λογιζόμενον</strong></span> <span class='ocrx_word' id='word_1_127' title='bbox 439 2134 487 2189; x_wconf 88' lang='lat' dir='ltr'><strong>pro</strong></span> <span class='ocrx_word' id='word_1_128' title='bbox 511 2114 655 2188; x_wconf 75' lang='grc' dir='ltr'><strong><em>λογιζόμν-</em></strong></span> <span class='ocrx_word' id='word_1_129' title='bbox 689 2120 744 2172; x_wconf 82' lang='lat' dir='ltr'><strong>sive</strong></span> <span class='ocrx_word' id='word_1_130' title='bbox 762 2124 898 2188; x_wconf 76' lang='lat' dir='ltr'><strong>appannis</strong></span> <span class='ocrx_word' id='word_1_131' title='bbox 921 2121 976 2172; x_wconf 88' lang='lat' dir='ltr'><strong>sive</strong></span> <span class='ocrx_word' id='word_1_132' title='bbox 993 2119 1136 2182; x_wconf 87' lang='lat' dir='ltr'><strong>theatrum,</strong></span> <span class='ocrx_word' id='word_1_133' title='bbox 1164 2118 1231 2186; x_wconf 83' lang='lat' dir='ltr'><strong>quod</strong></span> 
     </span>
     <span class='ocr_line' id='line_1_18' title="bbox 120 2202 1197 2272; baseline -0.011 -8"><span class='ocrx_word' id='word_1_134' title='bbox 120 2217 175 2255; x_wconf 73' lang='lat'><strong>¹⁰⁷·</strong></span> <span class='ocrx_word' id='word_1_135' title='bbox 687 2207 799 2272; x_wconf 82' lang='lat' dir='ltr'><strong>proprie</strong></span> <span class='ocrx_word' id='word_1_136' title='bbox 820 2205 972 2257; x_wconf 70' lang='lat' dir='ltr'><strong>recentium</strong></span> <span class='ocrx_word' id='word_1_137' title='bbox 997 2203 1107 2254; x_wconf 79' lang='lat' dir='ltr'><strong>Veneris</strong></span> <span class='ocrx_word' id='word_1_138' title='bbox 1129 2202 1197 2253; x_wconf 84' lang='lat' dir='ltr'><strong>est.“</strong></span> 
     </span>
    </p>

    <p class='ocr_par' dir='ltr' id='par_1_6' title="bbox 121 2283 1230 3210">
     <span class='ocr_line' id='line_1_19' title="bbox 182 2283 1230 2360; baseline -0.005 -19"><span class='ocrx_word' id='word_1_139' title='bbox 182 2289 208 2341; x_wconf 80' lang='lat'><strong>5.</strong></span> <span class='ocrx_word' id='word_1_140' title='bbox 226 2284 277 2342; x_wconf 78' lang='grc' dir='ltr'><strong><em>διαὶ</em></strong></span> <span class='ocrx_word' id='word_1_141' title='bbox 301 2289 419 2358; x_wconf 67' lang='lat' dir='ltr'><strong>unusne</strong></span> <span class='ocrx_word' id='word_1_142' title='bbox 442 2286 548 2360; x_wconf 71' lang='grc' dir='ltr'><strong><em>ὄψιος]</em></strong></span> <span class='ocrx_word' id='word_1_143' title='bbox 578 2291 654 2344; x_wconf 87' lang='lat' dir='ltr'><strong>Desi-</strong></span> <span class='ocrx_word' id='word_1_144' title='bbox 757 2288 783 2340; x_wconf 86' lang='grc'><strong>8.</strong></span> <span class='ocrx_word' id='word_1_145' title='bbox 801 2283 912 2357; x_wconf 81' lang='grc' dir='ltr'><strong><em>φόνων]</em></strong></span> <span class='ocrx_word' id='word_1_146' title='bbox 945 2288 1024 2353; x_wconf 74' lang='lat' dir='ltr'><strong>Fris,</strong></span> <span class='ocrx_word' id='word_1_147' title='bbox 1056 2287 1134 2352; x_wconf 80' lang='lat' dir='ltr'><strong>Aet,</strong></span> <span class='ocrx_word' id='word_1_148' title='bbox 1162 2284 1230 2337; x_wconf 84' lang='lat' dir='ltr'><strong>Ges-</strong></span> 
     </span>
     <span class='ocr_line' id='line_1_20' title="bbox 121 2367 1082 2442; baseline -0.006 -15"><span class='ocrx_word' id='word_1_149' title='bbox 121 2378 206 2438; x_wconf 69' lang='lat' dir='ltr'><strong>gnrtur</strong></span> <span class='ocrx_word' id='word_1_150' title='bbox 223 2374 349 2442; x_wconf 78' lang='lat' dir='ltr'><strong>(Maron.)</strong></span> <span class='ocrx_word' id='word_1_151' title='bbox 373 2377 442 2429; x_wconf 88' lang='lat' dir='ltr'><strong>larva</strong></span> <span class='ocrx_word' id='word_1_152' title='bbox 467 2378 497 2429; x_wconf 88' lang='lat' dir='ltr'><strong>ab</strong></span> <span class='ocrx_word' id='word_1_153' title='bbox 523 2376 655 2430; x_wconf 85' lang='lat' dir='ltr'><strong>histrioni·</strong></span> <span class='ocrx_word' id='word_1_154' title='bbox 690 2388 755 2440; x_wconf 91' lang='lat' dir='ltr'><strong>ner.‚</strong></span> <span class='ocrx_word' id='word_1_155' title='bbox 773 2373 880 2427; x_wconf 89' lang='lat' dir='ltr'><strong>llerold.</strong></span> <span class='ocrx_word' id='word_1_156' title='bbox 899 2367 992 2439; x_wconf 85' lang='grc' dir='ltr'><strong><em>φόνον</em></strong></span> <span class='ocrx_word' id='word_1_157' title='bbox 1010 2370 1082 2437; x_wconf 86' lang='lat' dir='ltr'><strong>(sic).</strong></span> 
     </span>
     <span class='ocr_line' id='line_1_21' title="bbox 121 2454 1229 2531; baseline -0.004 -20"><span class='ocrx_word' id='word_1_158' title='bbox 121 2459 162 2511; x_wconf 84' lang='lat' dir='ltr'><strong>lus</strong></span> <span class='ocrx_word' id='word_1_159' title='bbox 185 2459 300 2513; x_wconf 78' lang='lat' dir='ltr'><strong>adhiberi</strong></span> <span class='ocrx_word' id='word_1_160' title='bbox 326 2461 409 2514; x_wconf 86' lang='lat' dir='ltr'><strong>solita.</strong></span> <span class='ocrx_word' id='word_1_161' title='bbox 461 2464 543 2528; x_wconf 80' lang='lat' dir='ltr'><strong>Quum</strong></span> <span class='ocrx_word' id='word_1_162' title='bbox 567 2459 655 2531; x_wconf 71' lang='grc' dir='ltr'><strong><em>πηλός</em></strong></span> <span class='ocrx_word' id='word_1_163' title='bbox 758 2459 783 2513; x_wconf 85' lang='grc'><strong>9.</strong></span> <span class='ocrx_word' id='word_1_164' title='bbox 818 2455 967 2527; x_wconf 74' lang='grc' dir='ltr'><strong><em>θησαυρόν</em></strong></span> <span class='ocrx_word' id='word_1_165' title='bbox 1001 2455 1116 2525; x_wconf 78' lang='grc' dir='ltr'><strong><em>μανίας]</em></strong></span> <span class='ocrx_word' id='word_1_166' title='bbox 1149 2454 1229 2509; x_wconf 82' lang='lat' dir='ltr'><strong>codd.</strong></span> 
     </span>
     <span class='ocr_line' id='line_1_22' title="bbox 121 2541 1228 2616; baseline -0.004 -19"><span class='ocrx_word' id='word_1_167' title='bbox 121 2545 178 2614; x_wconf 81' lang='lat' dir='ltr'><strong>apud</strong></span> <span class='ocrx_word' id='word_1_168' title='bbox 199 2546 361 2600; x_wconf 72' lang='lat' dir='ltr'><strong>recendetes</strong></span> <span class='ocrx_word' id='word_1_169' title='bbox 385 2548 525 2616; x_wconf 79' lang='lat' dir='ltr'><strong>scriptores</strong></span> <span class='ocrx_word' id='word_1_170' title='bbox 555 2550 590 2602; x_wconf 85' lang='lat' dir='ltr'><strong>sit</strong></span> <span class='ocrx_word' id='word_1_171' title='bbox 610 2551 654 2601; x_wconf 87' lang='grc' dir='ltr'><strong><em>οι·-</em></strong></span> <span class='ocrx_word' id='word_1_172' title='bbox 688 2545 748 2598; x_wconf 82' lang='lat' dir='ltr'><strong>meti</strong></span> <span class='ocrx_word' id='word_1_173' title='bbox 770 2551 797 2599; x_wconf 87' lang='lat' dir='ltr'><strong>et</strong></span> <span class='ocrx_word' id='word_1_174' title='bbox 815 2545 877 2598; x_wconf 91' lang='lat' dir='ltr'><strong>editi</strong></span> <span class='ocrx_word' id='word_1_175' title='bbox 893 2541 1137 2612; x_wconf 74' lang='grc' dir='ltr'><strong><em>δηοανοομανίας.</em></strong></span> <span class='ocrx_word' id='word_1_176' title='bbox 1159 2541 1228 2593; x_wconf 83' lang='lat' dir='ltr'><strong>Fru-</strong></span> 
     </span>
     <span class='ocr_line' id='line_1_23' title="bbox 123 2625 1229 2704; baseline -0.004 -23"><span class='ocrx_word' id='word_1_177' title='bbox 123 2645 176 2682; x_wconf 80' lang='lat' dir='ltr'><strong>nnn</strong></span> <span class='ocrx_word' id='word_1_178' title='bbox 209 2630 410 2698; x_wconf 76' lang='lat' dir='ltr'><strong>(poechmierter</strong></span> <span class='ocrx_word' id='word_1_179' title='bbox 440 2634 528 2685; x_wconf 87' lang='lat' dir='ltr'><strong>Wein:</strong></span> <span class='ocrx_word' id='word_1_180' title='bbox 584 2634 653 2704; x_wconf 85' lang='lat' dir='ltr'><strong>Papo</strong></span> <span class='ocrx_word' id='word_1_181' title='bbox 688 2635 741 2683; x_wconf 87' lang='lat' dir='ltr'><strong>stra</strong></span> <span class='ocrx_word' id='word_1_182' title='bbox 764 2635 852 2682; x_wconf 87' lang='lat' dir='ltr'><strong>censet</strong></span> <span class='ocrx_word' id='word_1_183' title='bbox 872 2631 992 2681; x_wconf 84' lang='lat' dir='ltr'><strong>Maranus</strong></span> <span class='ocrx_word' id='word_1_184' title='bbox 1013 2626 1104 2678; x_wconf 90' lang='lat' dir='ltr'><strong>deesse</strong></span> <span class='ocrx_word' id='word_1_185' title='bbox 1120 2625 1177 2691; x_wconf 80' lang='grc' dir='ltr'><strong><em>ιιαί,</em></strong></span> <span class='ocrx_word' id='word_1_186' title='bbox 1203 2629 1229 2678; x_wconf 85' lang='lat' dir='ltr'><strong>et</strong></span> 
     </span>
     <span class='ocr_line' id='line_1_24' title="bbox 124 2705 1226 2786; baseline -0.002 -20"><span class='ocrx_word' id='word_1_187' title='bbox 124 2714 317 2770; x_wconf 62' lang='lat' dir='ltr'><strong>serranorum.</strong></span> <span class='ocrx_word' id='word_1_188' title='bbox 337 2720 362 2771; x_wconf 83' lang='lat' dir='ltr'><strong>d.</strong></span> <span class='ocrx_word' id='word_1_189' title='bbox 378 2735 419 2785; x_wconf 79' lang='lat' dir='ltr'><strong>pr.</strong></span> <span class='ocrx_word' id='word_1_190' title='bbox 438 2718 501 2786; x_wconf 82' lang='lat' dir='ltr'><strong>Spr.</strong></span> <span class='ocrx_word' id='word_1_191' title='bbox 520 2735 541 2771; x_wconf 90' lang='lat' dir='ltr'><strong>s.</strong></span> <span class='ocrx_word' id='word_1_192' title='bbox 560 2720 608 2786; x_wconf 72' lang='lat' dir='ltr'><strong>n),</strong></span> <span class='ocrx_word' id='word_1_193' title='bbox 627 2720 652 2773; x_wconf 88' lang='grc' dir='ltr'><strong>δ.</strong></span> <span class='ocrx_word' id='word_1_194' title='bbox 688 2718 831 2781; x_wconf 84' lang='lat' dir='ltr'><strong>auaritiae,</strong></span> <span class='ocrx_word' id='word_1_195' title='bbox 856 2717 885 2766; x_wconf 93' lang='lat' dir='ltr'><strong>ut</strong></span> <span class='ocrx_word' id='word_1_196' title='bbox 908 2712 1019 2782; x_wconf 82' lang='lat' dir='ltr'><strong>pendeat</strong></span> <span class='ocrx_word' id='word_1_197' title='bbox 1043 2713 1073 2764; x_wconf 89' lang='lat' dir='ltr'><strong>ab</strong></span> <span class='ocrx_word' id='word_1_198' title='bbox 1097 2705 1226 2779; x_wconf 75' lang='grc' dir='ltr'><strong><em>ὁπομνη·</em></strong></span> 
     </span>
     <span class='ocr_line' id='line_1_25' title="bbox 123 2794 1227 2872; baseline -0.003 -19"><span class='ocrx_word' id='word_1_199' title='bbox 123 2818 145 2851; x_wconf 83' lang='grc' dir='ltr'><strong>ι.</strong></span> <span class='ocrx_word' id='word_1_200' title='bbox 164 2794 187 2854; x_wconf 80' lang='grc' dir='ltr'><strong>ὅ.</strong></span> <span class='ocrx_word' id='word_1_201' title='bbox 203 2802 314 2854; x_wconf 80' lang='lat' dir='ltr'><strong>tortasse</strong></span> <span class='ocrx_word' id='word_1_202' title='bbox 332 2807 371 2855; x_wconf 85' lang='lat' dir='ltr'><strong>eet</strong></span> <span class='ocrx_word' id='word_1_203' title='bbox 383 2805 400 2855; x_wconf 87' lang='lat' dir='ltr'><strong>i.</strong></span> <span class='ocrx_word' id='word_1_204' title='bbox 420 2819 444 2872; x_wconf 84' lang='lat' dir='ltr'><strong>q.</strong></span> <span class='ocrx_word' id='word_1_205' title='bbox 469 2806 562 2857; x_wconf 83' lang='lat' dir='ltr'><strong>otnero</strong></span> <span class='ocrx_word' id='word_1_206' title='bbox 585 2806 652 2871; x_wconf 84' lang='lat' dir='ltr'><strong>(iac-</strong></span> <span class='ocrx_word' id='word_1_207' title='bbox 686 2797 832 2867; x_wconf 77' lang='grc' dir='ltr'><strong><em>μαιιοτήν.</em></strong></span> <span class='ocrx_word' id='word_1_208' title='bbox 857 2798 983 2866; x_wconf 83' lang='lat' dir='ltr'><strong>Equidem</strong></span> <span class='ocrx_word' id='word_1_209' title='bbox 999 2797 1124 2850; x_wconf 86' lang='lat' dir='ltr'><strong>Pearsoni</strong></span> <span class='ocrx_word' id='word_1_210' title='bbox 1138 2813 1227 2850; x_wconf 88' lang='lat' dir='ltr'><strong>emen-</strong></span> 
     </span>
     <span class='ocr_line' id='line_1_26' title="bbox 125 2880 1227 2957; baseline 0 -20"><span class='ocrx_word' id='word_1_211' title='bbox 125 2886 183 2939; x_wconf 75' lang='lat' dir='ltr'><strong>olue</strong></span> <span class='ocrx_word' id='word_1_212' title='bbox 199 2889 338 2956; x_wconf 84' lang='lat' dir='ltr'><strong>peruncto)</strong></span> <span class='ocrx_word' id='word_1_213' title='bbox 359 2891 446 2942; x_wconf 79' lang='lat' dir='ltr'><strong>entim</strong></span> <span class='ocrx_word' id='word_1_214' title='bbox 472 2891 594 2943; x_wconf 83' lang='lat' dir='ltr'><strong>Wnrthus</strong></span> <span class='ocrx_word' id='word_1_215' title='bbox 613 2893 652 2957; x_wconf 88' lang='lat' dir='ltr'><strong>(tu</strong></span> <span class='ocrx_word' id='word_1_216' title='bbox 674 2880 812 2939; x_wconf 83' lang='lat' dir='ltr'><strong>&#39;dationem</strong></span> <span class='ocrx_word' id='word_1_217' title='bbox 831 2885 927 2951; x_wconf 87' lang='lat' dir='ltr'><strong>recepi.</strong></span> <span class='ocrx_word' id='word_1_218' title='bbox 967 2884 1062 2936; x_wconf 87' lang='lat' dir='ltr'><strong>ltlimus</strong></span> <span class='ocrx_word' id='word_1_219' title='bbox 1084 2882 1227 2952; x_wconf 85' lang='lat' dir='ltr'><strong>appellatur</strong></span> 
     </span>
     <span class='ocr_line' id='line_1_27' title="bbox 126 2965 1226 3042; baseline -0.005 -16"><span class='ocrx_word' id='word_1_220' title='bbox 126 2969 194 3039; x_wconf 66' lang='grc' dir='ltr'><strong>ΑΜ.)</strong></span> <span class='ocrx_word' id='word_1_221' title='bbox 226 2972 279 3041; x_wconf 68' lang='lat' dir='ltr'><strong>legi</strong></span> <span class='ocrx_word' id='word_1_222' title='bbox 314 2974 401 3026; x_wconf 89' lang='lat' dir='ltr'><strong>maluit</strong></span> <span class='ocrx_word' id='word_1_223' title='bbox 438 2968 489 3028; x_wconf 78' lang='grc' dir='ltr'><strong><em>διαὶ</em></strong></span> <span class='ocrx_word' id='word_1_224' title='bbox 524 2976 652 3042; x_wconf 67' lang='grc' dir='ltr'><strong>ποικίλην</strong></span> <span class='ocrx_word' id='word_1_225' title='bbox 685 2965 874 3038; x_wconf 74' lang='grc' dir='ltr'><strong>θησαυρός</strong></span> <span class='ocrx_word' id='word_1_226' title='bbox 902 2969 1005 3035; x_wconf 76' lang='grc' dir='ltr'><strong><em>μανίας</em></strong></span> <span class='ocrx_word' id='word_1_227' title='bbox 1037 2969 1095 3036; x_wconf 88' lang='lat' dir='ltr'><strong>pari</strong></span> <span class='ocrx_word' id='word_1_228' title='bbox 1127 2968 1226 3022; x_wconf 86' lang='lat' dir='ltr'><strong>ratione</strong></span> 
     </span>
     <span class='ocr_line' id='line_1_28' title="bbox 126 3047 1226 3123; baseline 0 -17"><span class='ocrx_word' id='word_1_229' title='bbox 126 3048 258 3120; x_wconf 59' lang='lat' dir='ltr'><strong>dorna-</strong></span> <span class='ocrx_word' id='word_1_230' title='bbox 273 3061 337 3113; x_wconf 82' lang='lat' dir='ltr'><strong>Mox</strong></span> <span class='ocrx_word' id='word_1_231' title='bbox 354 3060 459 3113; x_wconf 78' lang='lat' dir='ltr'><strong>Herold.</strong></span> <span class='ocrx_word' id='word_1_232' title='bbox 478 3061 569 3114; x_wconf 69' lang='lat' dir='ltr'><strong>vitiose</strong></span> <span class='ocrx_word' id='word_1_233' title='bbox 587 3063 651 3114; x_wconf 70' lang='lat' dir='ltr'><strong>‹toa-</strong></span> <span class='ocrx_word' id='word_1_234' title='bbox 686 3060 761 3123; x_wconf 81' lang='lat' dir='ltr'><strong>atquc</strong></span> <span class='ocrx_word' id='word_1_235' title='bbox 786 3060 859 3108; x_wconf 85' lang='lat' dir='ltr'><strong>antea</strong></span> <span class='ocrx_word' id='word_1_236' title='bbox 883 3054 982 3108; x_wconf 79' lang='grc' dir='ltr'><strong><em>διιοιδ.</em></strong></span> <span class='ocrx_word' id='word_1_237' title='bbox 1016 3047 1172 3119; x_wconf 70' lang='grc' dir='ltr'><strong>ἐπιτομαὶ</strong></span> <span class='ocrx_word' id='word_1_238' title='bbox 1196 3068 1226 3106; x_wconf 79' lang='lat' dir='ltr'><strong>ae</strong></span> 
     </span>
     <span class='ocr_line' id='line_1_29' title="bbox 125 3132 1099 3210; baseline -0.007 -15"><span class='ocrx_word' id='word_1_239' title='bbox 125 3136 266 3207; x_wconf 67' lang='grc' dir='ltr'><strong><em>μοιοῦνιᾰ.</em></strong></span> <span class='ocrx_word' id='word_1_240' title='bbox 684 3145 773 3210; x_wconf 88' lang='lat' dir='ltr'><strong>postea</strong></span> <span class='ocrx_word' id='word_1_241' title='bbox 794 3141 922 3193; x_wconf 88' lang='grc' dir='ltr'><strong><em>ιιαιαδιιι.</em></strong></span> <span class='ocrx_word' id='word_1_242' title='bbox 940 3132 1099 3205; x_wconf 80' lang='grc' dir='ltr'><strong><em>α’φοομή.</em></strong></span> 
     </span>
    </p>

    <p class='ocr_par' dir='ltr' id='par_1_7' title="bbox 70 3213 1225 4239">
     <span class='ocr_line' id='line_1_30' title="bbox 179 3213 1223 3299; baseline -0.011 -16"><span class='ocrx_word' id='word_1_243' title='bbox 179 3229 204 3282; x_wconf 83' lang='grc' dir='ltr'><strong>δ.</strong></span> <span class='ocrx_word' id='word_1_244' title='bbox 221 3224 272 3299; x_wconf 67' lang='grc' dir='ltr'><strong>ὃς]</strong></span> <span class='ocrx_word' id='word_1_245' title='bbox 290 3231 387 3282; x_wconf 83' lang='lat' dir='ltr'><strong>lteram</strong></span> <span class='ocrx_word' id='word_1_246' title='bbox 411 3227 532 3280; x_wconf 84' lang='lat' dir='ltr'><strong>mendose</strong></span> <span class='ocrx_word' id='word_1_247' title='bbox 556 3229 649 3281; x_wconf 68' lang='lat' dir='ltr'><strong>ommit.</strong></span> <span class='ocrx_word' id='word_1_248' title='bbox 753 3225 796 3278; x_wconf 83' lang='lat'><strong>10.</strong></span> <span class='ocrx_word' id='word_1_249' title='bbox 831 3217 1096 3287; x_wconf 74' lang='grc' dir='ltr'><strong><em>καταδικαζομένων</em></strong></span> <span class='ocrx_word' id='word_1_250' title='bbox 1129 3213 1223 3290; x_wconf 75' lang='grc' dir='ltr'><strong><em>ἄφορ-</em></strong></span> 
     </span>
     <span class='ocr_line' id='line_1_31' title="bbox 70 3305 1224 3380; baseline -0.005 -14"><span class='ocrx_word' id='word_1_251' title='bbox 70 3352 74 3366; x_wconf 86' lang='grc'>,</span> <span class='ocrx_word' id='word_1_252' title='bbox 180 3315 204 3368; x_wconf 85' lang='lat'><strong>7.</strong></span> <span class='ocrx_word' id='word_1_253' title='bbox 222 3311 273 3369; x_wconf 69' lang='lat' dir='ltr'><strong>dnn</strong></span> <span class='ocrx_word' id='word_1_254' title='bbox 291 3310 447 3380; x_wconf 75' lang='grc' dir='ltr'><strong><em>κατήγορον</em></strong></span> <span class='ocrx_word' id='word_1_255' title='bbox 465 3309 650 3367; x_wconf 77' lang='grc' dir='ltr'><strong><em>ιιάντονιών</em></strong></span> <span class='ocrx_word' id='word_1_256' title='bbox 683 3305 751 3380; x_wconf 82' lang='grc' dir='ltr'><strong>μήν]</strong></span> <span class='ocrx_word' id='word_1_257' title='bbox 777 3309 860 3378; x_wconf 83' lang='lat' dir='ltr'><strong>Saepe</strong></span> <span class='ocrx_word' id='word_1_258' title='bbox 888 3324 938 3361; x_wconf 87' lang='lat' dir='ltr'><strong>usu</strong></span> <span class='ocrx_word' id='word_1_259' title='bbox 969 3307 1056 3358; x_wconf 84' lang='lat' dir='ltr'><strong>evenit</strong></span> <span class='ocrx_word' id='word_1_260' title='bbox 1080 3308 1110 3358; x_wconf 90' lang='lat' dir='ltr'><strong>ut</strong></span> <span class='ocrx_word' id='word_1_261' title='bbox 1132 3320 1224 3360; x_wconf 87' lang='lat' dir='ltr'><strong>scenae</strong></span> 
     </span>
     <span class='ocr_line' id='line_1_32' title="bbox 126 3392 1225 3467; baseline -0.005 -15"><span class='ocrx_word' id='word_1_262' title='bbox 126 3397 379 3467; x_wconf 71' lang='grc' dir='ltr'><strong><em>διῶν...διάβολον</em></strong></span> <span class='ocrx_word' id='word_1_263' title='bbox 409 3393 540 3467; x_wconf 72' lang='grc' dir='ltr'><strong><em>ἡρωϊκῶν</em></strong></span> <span class='ocrx_word' id='word_1_264' title='bbox 571 3395 648 3467; x_wconf 69' lang='grc' dir='ltr'><strong><em>νινᾶ-</em></strong></span> <span class='ocrx_word' id='word_1_265' title='bbox 683 3397 820 3464; x_wconf 72' lang='lat' dir='ltr'><strong>insignium</strong></span> <span class='ocrx_word' id='word_1_266' title='bbox 835 3392 1225 3447; x_wconf 76' lang='lat' dir='ltr'><strong>virorumaccusateribusniam</strong></span> 
     </span>
     <span class='ocr_line' id='line_1_33' title="bbox 128 3477 1224 3554; baseline -0.007 -16"><span class='ocrx_word' id='word_1_267' title='bbox 128 3481 192 3554; x_wconf 71' lang='grc' dir='ltr'><strong><em>ξιον]</em></strong></span> <span class='ocrx_word' id='word_1_268' title='bbox 224 3486 336 3538; x_wconf 83' lang='lat' dir='ltr'><strong>Deorum</strong></span> <span class='ocrx_word' id='word_1_269' title='bbox 364 3489 390 3538; x_wconf 89' lang='lat' dir='ltr'><strong>et</strong></span> <span class='ocrx_word' id='word_1_270' title='bbox 413 3486 520 3538; x_wconf 87' lang='lat' dir='ltr'><strong>heroum</strong></span> <span class='ocrx_word' id='word_1_271' title='bbox 537 3486 648 3538; x_wconf 81' lang='lat' dir='ltr'><strong>facinora</strong></span> <span class='ocrx_word' id='word_1_272' title='bbox 683 3482 824 3551; x_wconf 83' lang='lat' dir='ltr'><strong>aperirent.</strong></span> <span class='ocrx_word' id='word_1_273' title='bbox 860 3477 933 3532; x_wconf 86' lang='lat' dir='ltr'><strong>Unde</strong></span> <span class='ocrx_word' id='word_1_274' title='bbox 956 3478 1144 3545; x_wconf 77' lang='lat' dir='ltr'><strong>Aristophanes</strong></span> <span class='ocrx_word' id='word_1_275' title='bbox 1167 3493 1224 3531; x_wconf 88' lang='lat' dir='ltr'><strong>cum</strong></span> 
     </span>
     <span class='ocr_line' id='line_1_34' title="bbox 129 3562 1224 3640; baseline 0 -22"><span class='ocrx_word' id='word_1_276' title='bbox 129 3569 261 3623; x_wconf 70' lang='lat' dir='ltr'><strong>uicenam</strong></span> <span class='ocrx_word' id='word_1_277' title='bbox 285 3568 504 3640; x_wconf 83' lang='lat' dir='ltr'><strong>producebantur,</strong></span> <span class='ocrx_word' id='word_1_278' title='bbox 537 3571 580 3624; x_wconf 86' lang='lat' dir='ltr'><strong>ubi</strong></span> <span class='ocrx_word' id='word_1_279' title='bbox 605 3575 649 3624; x_wconf 87' lang='lat' dir='ltr'><strong>aut</strong></span> <span class='ocrx_word' id='word_1_280' title='bbox 683 3568 769 3633; x_wconf 78' lang='lat' dir='ltr'><strong>Anyto</strong></span> <span class='ocrx_word' id='word_1_281' title='bbox 789 3572 815 3620; x_wconf 88' lang='lat' dir='ltr'><strong>et</strong></span> <span class='ocrx_word' id='word_1_282' title='bbox 832 3565 926 3618; x_wconf 88' lang='lat' dir='ltr'><strong>ltleleto</strong></span> <span class='ocrx_word' id='word_1_283' title='bbox 946 3563 1110 3617; x_wconf 86' lang='lat' dir='ltr'><strong>constituisse</strong></span> <span class='ocrx_word' id='word_1_284' title='bbox 1130 3562 1224 3618; x_wconf 87' lang='lat' dir='ltr'><strong>dicitur</strong></span> 
     </span>
     <span class='ocr_line' id='line_1_35' title="bbox 128 3648 1222 3718; baseline -0.008 -9"><span class='ocrx_word' id='word_1_285' title='bbox 128 3654 387 3718; x_wconf 69' lang='lat' dir='ltr'><strong>minimarum</strong></span> <span class='ocrx_word' id='word_1_286' title='bbox 410 3656 597 3709; x_wconf 80' lang='lat' dir='ltr'><strong>referebantur.</strong></span> <span class='ocrx_word' id='word_1_287' title='bbox 613 3685 648 3696; x_wconf 90' lang='lat'><em>-</em></span> <span class='ocrx_word' id='word_1_288' title='bbox 682 3658 712 3706; x_wconf 93' lang='lat' dir='ltr'><strong>ut</strong></span> <span class='ocrx_word' id='word_1_289' title='bbox 740 3651 873 3705; x_wconf 83' lang='lat' dir='ltr'><strong>Socratem</strong></span> <span class='ocrx_word' id='word_1_290' title='bbox 907 3649 1009 3703; x_wconf 84' lang='lat' dir='ltr'><strong>luderet</strong></span> <span class='ocrx_word' id='word_1_291' title='bbox 1041 3650 1069 3702; x_wconf 90' lang='lat' dir='ltr'><strong>iu</strong></span> <span class='ocrx_word' id='word_1_292' title='bbox 1097 3648 1222 3702; x_wconf 84' lang='lat' dir='ltr'><strong>Nubibus.</strong></span> 
     </span>
     <span class='ocr_line' id='line_1_36' title="bbox 128 3732 1223 3808; baseline -0.005 -16"><span class='ocrx_word' id='word_1_293' title='bbox 128 3735 229 3793; x_wconf 75' lang='lat' dir='ltr'><strong>luanus</strong></span> <span class='ocrx_word' id='word_1_294' title='bbox 272 3740 304 3793; x_wconf 87' lang='lat' dir='ltr'><strong>ad</strong></span> <span class='ocrx_word' id='word_1_295' title='bbox 343 3741 648 3808; x_wconf 71' lang='grc' dir='ltr'><strong><em>δεισιδαιμονίας</em></strong></span> <span class='ocrx_word' id='word_1_296' title='bbox 684 3737 735 3791; x_wconf 90' lang='lat' dir='ltr'><strong>Sed</strong></span> <span class='ocrx_word' id='word_1_297' title='bbox 751 3739 889 3808; x_wconf 84' lang='lat' dir='ltr'><strong>praecipue</strong></span> <span class='ocrx_word' id='word_1_298' title='bbox 905 3737 934 3789; x_wconf 88' lang='lat' dir='ltr'><strong>in</strong></span> <span class='ocrx_word' id='word_1_299' title='bbox 957 3734 1116 3789; x_wconf 77' lang='lat' dir='ltr'><strong>Christianos</strong></span> <span class='ocrx_word' id='word_1_300' title='bbox 1137 3732 1223 3786; x_wconf 82' lang='lat' dir='ltr'><strong>invehi</strong></span> 
     </span>
     <span class='ocr_line' id='line_1_37' title="bbox 130 3815 1222 3896; baseline -0.003 -23"><span class='ocrx_word' id='word_1_301' title='bbox 130 3815 182 3876; x_wconf 77' lang='lat' dir='ltr'><strong>tare.</strong></span> <span class='ocrx_word' id='word_1_302' title='bbox 199 3830 283 3879; x_wconf 88' lang='lat' dir='ltr'><strong>recte:</strong></span> <span class='ocrx_word' id='word_1_303' title='bbox 302 3827 385 3892; x_wconf 70' lang='lat' dir='ltr'><strong>„Quia</strong></span> <span class='ocrx_word' id='word_1_304' title='bbox 398 3826 505 3894; x_wconf 80' lang='lat' dir='ltr'><strong>scilieet,</strong></span> <span class='ocrx_word' id='word_1_305' title='bbox 521 3832 549 3879; x_wconf 89' lang='lat' dir='ltr'><strong>ut</strong></span> <span class='ocrx_word' id='word_1_306' title='bbox 564 3827 648 3896; x_wconf 89' lang='lat' dir='ltr'><strong>paullo</strong></span> <span class='ocrx_word' id='word_1_307' title='bbox 683 3823 800 3878; x_wconf 85' lang='lat' dir='ltr'><strong>solebant</strong></span> <span class='ocrx_word' id='word_1_308' title='bbox 822 3824 890 3876; x_wconf 88' lang='lat' dir='ltr'><strong>mimi</strong></span> <span class='ocrx_word' id='word_1_309' title='bbox 910 3825 936 3874; x_wconf 88' lang='lat' dir='ltr'><strong>et</strong></span> <span class='ocrx_word' id='word_1_310' title='bbox 960 3820 1119 3874; x_wconf 82' lang='lat' dir='ltr'><strong>scenobatae.</strong></span> <span class='ocrx_word' id='word_1_311' title='bbox 1160 3819 1222 3870; x_wconf 85' lang='lat' dir='ltr'><strong>llu-</strong></span> 
     </span>
     <span class='ocr_line' id='line_1_38' title="bbox 130 3902 1220 3979; baseline -0.005 -20"><span class='ocrx_word' id='word_1_312' title='bbox 130 3911 173 3959; x_wconf 78' lang='lat' dir='ltr'><strong>un</strong></span> <span class='ocrx_word' id='word_1_313' title='bbox 188 3909 258 3978; x_wconf 79' lang='lat' dir='ltr'><strong>dixit,</strong></span> <span class='ocrx_word' id='word_1_314' title='bbox 276 3912 337 3963; x_wconf 88' lang='lat' dir='ltr'><strong>haec</strong></span> <span class='ocrx_word' id='word_1_315' title='bbox 359 3911 491 3964; x_wconf 82' lang='lat' dir='ltr'><strong>occasione</strong></span> <span class='ocrx_word' id='word_1_316' title='bbox 512 3926 648 3979; x_wconf 82' lang='lat' dir='ltr'><strong>pravorum</strong></span> <span class='ocrx_word' id='word_1_317' title='bbox 683 3926 776 3962; x_wconf 80' lang='lat' dir='ltr'><strong>renue.</strong></span> <span class='ocrx_word' id='word_1_318' title='bbox 822 3907 994 3963; x_wconf 86' lang='lat' dir='ltr'><strong>Tertullianus</strong></span> <span class='ocrx_word' id='word_1_319' title='bbox 1025 3907 1042 3959; x_wconf 92' lang='lat' dir='ltr'><strong>l.</strong></span> <span class='ocrx_word' id='word_1_320' title='bbox 1071 3922 1092 3958; x_wconf 90' lang='lat' dir='ltr'><strong>c.</strong></span> <span class='ocrx_word' id='word_1_321' title='bbox 1123 3920 1145 3958; x_wconf 87' lang='grc' dir='ltr'><strong>ο.</strong></span> <span class='ocrx_word' id='word_1_322' title='bbox 1171 3902 1220 3955; x_wconf 80' lang='lat'><strong>27:</strong></span> 
     </span>
     <span class='ocr_line' id='line_1_39' title="bbox 131 3987 1222 4063; baseline -0.006 -16"><span class='ocrx_word' id='word_1_323' title='bbox 131 3987 257 4049; x_wconf 60' lang='lat' dir='ltr'><strong>demonum</strong></span> <span class='ocrx_word' id='word_1_324' title='bbox 276 3995 335 4048; x_wconf 87' lang='lat' dir='ltr'><strong>lieri</strong></span> <span class='ocrx_word' id='word_1_325' title='bbox 358 3995 481 4050; x_wconf 79' lang='lat' dir='ltr'><strong>solebant.</strong></span> <span class='ocrx_word' id='word_1_326' title='bbox 511 3997 554 4051; x_wconf 87' lang='lat' dir='ltr'><strong>Sic</strong></span> <span class='ocrx_word' id='word_1_327' title='bbox 573 3998 647 4050; x_wconf 88' lang='lat' dir='ltr'><strong>etiam</strong></span> <span class='ocrx_word' id='word_1_328' title='bbox 683 3994 795 4063; x_wconf 78' lang='lat' dir='ltr'><strong>„Odisse</strong></span> <span class='ocrx_word' id='word_1_329' title='bbox 813 3994 935 4048; x_wconf 85' lang='lat' dir='ltr'><strong>debemus</strong></span> <span class='ocrx_word' id='word_1_330' title='bbox 957 3994 1019 4045; x_wconf 86' lang='lat' dir='ltr'><strong>istos</strong></span> <span class='ocrx_word' id='word_1_331' title='bbox 1036 3993 1175 4043; x_wconf 87' lang='lat' dir='ltr'><strong>conventus</strong></span> <span class='ocrx_word' id='word_1_332' title='bbox 1195 3991 1222 4041; x_wconf 88' lang='lat' dir='ltr'><strong>et</strong></span> 
     </span>
     <span class='ocr_line' id='line_1_40' title="bbox 133 4072 1220 4149; baseline -0.006 -17"><span class='ocrx_word' id='word_1_333' title='bbox 133 4072 281 4135; x_wconf 78' lang='lat' dir='ltr'><strong>tenuimus</strong></span> <span class='ocrx_word' id='word_1_334' title='bbox 303 4082 343 4134; x_wconf 85' lang='lat' dir='ltr'><strong>De</strong></span> <span class='ocrx_word' id='word_1_335' title='bbox 368 4085 479 4149; x_wconf 83' lang='lat' dir='ltr'><strong>spectac.</strong></span> <span class='ocrx_word' id='word_1_336' title='bbox 503 4097 526 4138; x_wconf 87' lang='lat' dir='ltr'><strong>c.</strong></span> <span class='ocrx_word' id='word_1_337' title='bbox 551 4083 583 4137; x_wconf 86' lang='lat'><strong>10</strong></span> <span class='ocrx_word' id='word_1_338' title='bbox 602 4083 647 4138; x_wconf 88' lang='lat' dir='ltr'><strong>de·</strong></span> <span class='ocrx_word' id='word_1_339' title='bbox 684 4085 771 4135; x_wconf 90' lang='lat' dir='ltr'><strong>coetus</strong></span> <span class='ocrx_word' id='word_1_340' title='bbox 789 4080 957 4145; x_wconf 79' lang='lat' dir='ltr'><strong>ethnicorum,</strong></span> <span class='ocrx_word' id='word_1_341' title='bbox 973 4077 1014 4129; x_wconf 80' lang='lat' dir='ltr'><strong>nel</strong></span> <span class='ocrx_word' id='word_1_342' title='bbox 1033 4076 1099 4146; x_wconf 84' lang='lat' dir='ltr'><strong>quod</strong></span> <span class='ocrx_word' id='word_1_343' title='bbox 1117 4073 1184 4128; x_wconf 89' lang='lat' dir='ltr'><strong>ittic.</strong></span> <span class='ocrx_word' id='word_1_344' title='bbox 1195 4109 1220 4125; x_wconf 84' lang='lat'><strong>..</strong></span> 
     </span>
     <span class='ocr_line' id='line_1_41' title="bbox 159 4160 989 4239; baseline 0.002 -25"><span class='ocrx_word' id='word_1_345' title='bbox 159 4160 223 4234; x_wconf 80' lang='lat' dir='ltr'><strong>torp.</strong></span> <span class='ocrx_word' id='word_1_346' title='bbox 240 4167 324 4239; x_wconf 71' lang='lat' dir='ltr'><strong>Apoll.</strong></span> <span class='ocrx_word' id='word_1_347' title='bbox 347 4165 404 4220; x_wconf 81' lang='lat' dir='ltr'><strong>Vol.</strong></span> <span class='ocrx_word' id='word_1_348' title='bbox 423 4167 465 4220; x_wconf 81' lang='lat' dir='ltr'><strong>Vl.</strong></span> <span class='ocrx_word' id='word_1_349' title='bbox 968 4160 989 4225; x_wconf 89' lang='lat'>7</span> 
     </span>
    </p>
   </div>
   <div class='ocr_carea' id='block_1_6' title="bbox 0 0 1368 4666">
    <p class='ocr_par' dir='ltr' id='par_1_8' title="bbox 0 0 1368 4666">
     <span class='ocr_line' id='line_1_42' title="bbox 0 0 1368 4666; baseline 0 0"><span class='ocrx_word' id='word_1_350' title='bbox 0 0 1368 4666; x_wconf 95' lang='lat' dir='ltr'><strong> </strong></span> 
     </span>
    </p>
   </div>
  </div>
 </body>
</html>
