2708 4666
450 208 599 269 oleario
625 210 681 270 nu
705 208 899 271 GRAECOS.
1177 214 1220 280 ⁴5

126 380 197 440 lunt
240 379 318 449 Quis
342 381 445 439 autem
467 395 529 438 nou
556 380 661 440 rideat
688 379 849 442 Deltotum
873 383 953 444 illud
975 390 1106 465 propter
1137 386 1219 449 Sici·

125 488 199 564 lan,
221 491 258 549 ut
276 488 461 564 quibusdam
479 489 602 567 placet,
633 491 703 568 vel,
733 493 768 551 ut
790 493 965 571 nonnullis,
995 500 1128 574 propter
1149 498 1219 575 pri·

123 614 186 657 naun
216 597 305 658 lovis
339 598 564 674 appellationis
594 599 721 658 literam
748 600 831 660 iuter
863 604 952 662 astra
981 608 1219 667 consecratum?

123 704 243 766 laruam
267 723 330 766 nou
359 705 523 766 Sardiniae
551 723 676 783 quoque
701 711 734 768 et
762 708 869 787 Cypro
895 712 1017 772 coelum
1039 730 1220 775 concessum

123 816 183 875 ato
226 815 327 884 Quam
346 817 388 877 ob
411 833 536 877 oausam
560 832 622 875 nou
642 817 728 877 lovis
749 835 873 895 quoque
894 819 1037 899 fratrum,
1068 824 1120 899 qui
1142 841 1220 902 par-

122 925 160 984 tili
186 928 260 985 eunt
291 940 407 1003 regua,
468 926 631 986 literarum
664 927 785 1004 figurae
814 929 845 987 ia
877 932 968 991 coelo
997 930 1081 992 lixae
1121 934 1219 993 eunti
1278 896 1282 908 '

122 1034 269 1103 luomodo
300 1035 423 1096 vinctus
454 1033 608 1096 Saturnus
631 1038 664 1095 et
688 1052 789 1113 reguo
813 1039 934 1100 eiectus
959 1039 1017 1100 lati
1038 1041 1219 1102 moderator

122 1145 335 1206 mmtituiturt
364 1143 405 1204 Et
427 1146 584 1221 quomodo
602 1161 702 1222 regna
725 1146 822 1206 donat
847 1149 982 1223 quinon
1002 1150 1218 1229 iamregnatt

76 1234 81 1257 ²
122 1251 260 1317 Proiioite
281 1255 378 1331 igitur
405 1254 465 1314 has
495 1272 612 1332 nugas,
660 1269 741 1314 neve
770 1255 886 1317 iniusto
913 1257 946 1317 iu
979 1275 1037 1320 uos
1068 1259 1217 1321 odiosas

77 1348 80 1449 J
122 1366 145 1423 et
164 1364 232 1424 iura
256 1364 386 1425 violate.

77 1476 81 1493 ἶ
194 1500 245 1557 10.
281 1496 438 1557 Narratur
465 1496 614 1557 fabulosa
642 1495 799 1556 hominurn
830 1497 1083 1559 transformatio:
1110 1504 1217 1562 traus-

123 1605 283 1668 iormantur
317 1608 400 1685 apud
433 1620 491 1667 vos
519 1606 618 1665 otiam
651 1605 703 1664 dii.
761 1606 851 1666 Rhea
881 1608 915 1666 fit
937 1608 1049 1685 arbor,
1076 1609 1218 1688 luppiter

125 1715 205 1775 draco
235 1718 369 1793 propter
400 1716 640 1792 Proserpinam,
673 1715 785 1792 populi
816 1715 1002 1776 Phaetontis
1023 1734 1162 1797 sorores,
1185 1725 1217 1780 ot

76 1832 87 1935 ἱ
126 1821 228 1885 latona
251 1826 317 1884 vile
339 1825 465 1902 animal,
500 1827 746 1902 propterquam
770 1824 903 1904 Ortygia
927 1828 1042 1887 vocata
1064 1830 1114 1888 est
1138 1845 1216 1910 quae

127 1949 190 1995 nunc
216 1935 315 1995 Ilelus
339 1936 398 1994 est.
436 1933 521 1994 Deus
546 1950 607 2011 age
635 1933 671 1993 llt
704 1950 841 2011 cygnus,
877 1935 911 1992 et
937 1936 1063 2011 aquilae
1084 1936 1215 1998 formam

128 2045 258 2123 sucipit,
279 2047 311 2104 et
332 2045 404 2104 dum
426 2042 636 2122 Ganymedem
656 2059 675 2101 a
697 2044 819 2119 poculis
839 2043 938 2104 habet
961 2045 1002 2103 de
1028 2046 1114 2122 turpi
1135 2064 1216 2122 pue·

128 2167 216 2215 rorum
236 2170 344 2216 amore
373 2152 558 2233 gloriaturi
613 2151 694 2220 Quid
720 2152 835 2211 attinet
855 2153 934 2213 deos
959 2153 1066 2214 colera
1086 2170 1217 2216 munera
1305 2168 1308 2173 ’

76 2498 78 2505 ·
131 2482 211 2540 olna
231 2487 287 2541 loco
305 2486 539 2542 beneficaeetellae
553 2487 645 2540 suffra·
682 2485 763 2554 Vulgo
786 2483 988 2553 Φερσέφασσαν
1014 2487 1049 2554 (c.
1069 2486 1094 2539 1.
1122 2502 1147 2538 n.
1168 2485 1215 2555 15)

131 2569 182 2633 tirsi
196 2573 349 2626 conualeriut
376 2575 460 2642 aitque
489 2574 579 2627 diurna
598 2587 645 2640 ge-
679 2571 782 2638 legitur.
797 2601 831 2611 -
864 2570 939 2639 Quod
966 2571 1077 2640 scriptor
1104 2569 1135 2622 de
1164 2571 1214 2624 La·

132 2653 211 2710 ilua:
234 2664 309 2712 uetus
325 2659 369 2711 ille
392 2659 495 2712 iuturus
516 2662 556 2711 est
571 2657 644 2711 noni·
679 2660 739 2710 tona
761 2660 847 2710 narrat
862 2655 889 2710 ld
910 2656 1081 2728 Apollodorus
1107 2659 1133 2709 ei
1159 2657 1215 2722 fly-

132 2733 165 2804 ΒΙ,
188 2744 376 2812 praeclarisque
402 2744 429 2796 ln
456 2744 596 2797 actionibus
616 2759 645 2796 ac
680 2741 754 2809 maus
775 2740 806 2795 de
831 2743 945 2809 Asteria,
965 2742 1034 2796 illius
1053 2756 1153 2804 sorore,
1172 2755 1216 2795 re-

131 2829 391 2897 miscerentur,
420 2831 541 2896 honores,
560 2829 644 2897 digni-
678 2827 781 2880 ierunt:
809 2843 874 2896 quae
903 2829 930 2881 in
959 2828 1114 2880 coturnicem
1151 2821 1215 2895 (ὄρ-

131 2911 180 2965 lttec
201 2916 415 2983 mgistratusque
449 2929 494 2968 eos
521 2929 645 2968 cousecu·
680 2914 762 2981 repo)
789 2917 883 2965 mnata
908 2928 937 2964 ee
965 2913 992 2964 in
1019 2926 1088 2964 mare
1106 2909 1215 2976 demisit,

131 2994 193 3066 bros,
218 3013 283 3068 quos
310 3001 394 3066 signa,
420 2999 476 3052 loca
500 3000 646 3067 signorum·
680 3011 713 3050 ex
738 3011 817 3066 eaque
846 2997 929 3050 insula
953 2998 1027 3049 enain
1052 2999 1107 3061 est,
1150 3009 1216 3062 qaae

132 3083 287 3152 marorum
308 3082 557 3153 dominicorumque
583 3100 645 3139 con·
680 3081 802 3150 oronnae
821 3097 849 3135 rc
869 3085 958 3150 postea
980 3079 1039 3131 Deli
1059 3092 1152 3131 nomen
1173 3092 1216 3130 ac·

132 3157 275 3229 fimena
291 3168 508 3238 pollicebantur.“
681 3168 757 3236 cepit.
792 3167 832 3220 cl.
849 3165 931 3232 Pauly
951 3162 1216 3228 lieet-Enopelopcc-
1246 3176 1248 3179 ·

179 3251 218 3307 13.
237 3250 447 3322 Καταβᾶλλετε]
471 3253 535 3308 oue.
560 3273 645 3309 κατα·
680 3252 724 3304 co
741 3252 766 3303 d.
784 3251 863 3305 eldea.
880 3247 1119 3301 Alterldaorswiar.
1144 3246 1216 3300 Tem.

129 3329 215 3397 idn..
257 3338 319 3393 nn.
345 3343 373 3392 n
398 3338 457 3392 ro.
476 3337 495 3392 2
516 3338 644 3411 capen-
680 3335 700 3387 1.
718 3334 816 3403 nero.
836 3334 968 3387 uncam:
986 3331 1058 3400 ,nro
1073 3331 1218 3385 muneror

127 3419 179 3477 irre.
197 3450 232 3463 -
264 3424 318 3477 Pro
336 3420 552 3493 supercadente
569 3425 644 3479 iidem
679 3421 802 3475 Latonam
817 3419 899 3488 ipsam
922 3418 968 3470 sub
983 3421 1085 3487 tempus
1099 3415 1216 3485 pariendi

127 3505 209 3563 elices
231 3510 454 3577 zopavopicnce.
680 3507 706 3559 in
737 3505 892 3559 coturnicem
922 3517 1021 3556 vernam
1054 3503 1082 3555 tn
1107 3502 1216 3556 insulam

179 3593 203 3646 l.
227 3591 438 3663 Atricondo]
461 3593 566 3648 Ovidius
587 3595 645 3647 ile-
679 3590 805 3643 velavisse
834 3592 861 3641 et
887 3590 934 3642 cub
956 3602 986 3640 ea
1008 3587 1088 3641 torma
1110 3586 1216 3641 latuisse

126 3677 171 3730 bn.
191 3677 306 3748 111041
325 3678 399 3733 Attia
417 3694 539 3747 puerum,
557 3679 644 3732 Rheae
680 3677 820 3742 lunonem,
867 3672 933 3727 uude
963 3677 1053 3743 poster
1084 3671 1217 3738 ortygiam

123 3758 225 3830 ideas,
256 3765 285 3819 io
309 3765 396 3833 pinum
422 3765 540 3818 arborem
561 3770 645 3819 muts-
679 3760 788 3814 insulam
813 3759 961 3826 nominarit,
998 3772 1062 3825 quae
1091 3771 1146 3810 eam
1170 3771 1216 3810 ex·
1323 3807 1327 3813 ,

121 3847 163 3901 ten
189 3849 294 3916 sentin
330 3847 361 3901 tle
385 3851 440 3918 ipsa
466 3853 550 3902 autem
573 3850 645 3903 Rhea
680 3850 792 3915 ceperat.
846 3844 908 3898 Vide
943 3843 1057 3897 Natalem
1091 3841 1217 3896 comtum

120 3932 172 3986 sto
190 3934 242 3986 tale
259 3931 320 4000 legi.
371 3934 515 3988 Gecocrcr.
536 3962 571 3973 —
604 3935 644 3986 De
679 3930 853 3996 Mythologiao
870 3930 914 3982 lib.
934 3929 979 3981 lx.
999 3943 1021 3981 c.
1043 3927 1087 3980 6.“

117 4014 169 4070 lore
188 4018 238 4072 sub
264 4017 381 4071 maeonia
405 4019 484 4072 forma
507 4019 644 4088 Proserpi·
747 4013 774 4068 2.
799 4010 872 4076 Ordo
890 4013 954 4083 ete]
980 4012 1096 4082 luppiter
1124 4011 1150 4063 in
1171 4024 1215 4075 cy-

116 4115 166 4156 non
195 4103 308 4157 dolante
335 4101 412 4158 adeas
440 4119 462 4157 c.
491 4102 517 4156 8.
545 4103 644 4173 ιι.,17.
681 4116 758 4169 gnum
781 4103 894 4153 mutatus
912 4102 962 4165 cst,
976 4102 1006 4150 ut
1023 4094 1118 4149 Ledam
1142 4093 1216 4146 vitia·
