2708 4666
38 260 43 267 -
114 244 166 294 n
482 211 865 286 rnohnooffltrtnss

116 408 261 498 pbnnns
287 417 308 500 ἢ
330 410 492 496 ἀπολογία
515 424 561 473 ex
578 402 741 492 margine
764 399 975 493 irrepsim,
999 400 1038 468 in
1063 419 1139 488 qno
1154 402 1227 470 ad-

116 537 245 602 notata
276 535 377 600 esset
407 528 538 598 lentini
565 526 658 597 Phil.
685 531 723 595 ct
752 523 864 594 biart
890 527 940 595 ad
975 524 1228 615 imperatorer

116 656 321 747 argumenti
347 655 510 723 eiusdem
542 652 683 742 oratio,
713 670 761 719 co
791 652 898 720 titulo
927 660 1121 744 (Anotqta
1143 658 1228 746 ὁπορ

117 794 336 877 Χροοτοονοῑο)
370 786 513 847 ornata.
565 776 633 846 llic
659 777 778 845 codex
808 774 878 844 suit
901 782 998 845 teste
1031 775 1229 866 Stephano

117 904 299 994 peculium
336 901 544 972 cardinalia
577 900 763 969 Guilielmi
796 899 924 969 Sirleti
947 900 1154 989 (†1585):
1186 908 1229 969 nt

118 1028 280 1100 ostendit
311 1044 456 1115 quoque
499 1032 609 1092 retus
642 1024 806 1092 codicum
846 1023 1132 1094 Sirletianorum
1159 1044 1229 1095 οι-

117 1154 265 1241 talogus
306 1157 440 1240 matus,
491 1147 527 1216 in
558 1147 789 1216 Bibliotheca
833 1145 1014 1217 Bacuriali
1049 1156 1230 1219 servatus

118 1282 156 1342 et
183 1277 231 1345 ab
254 1273 297 1346 Ε,
320 1271 514 1342 Millero
540 1271 768 1363 descriptus,
793 1272 830 1340 in
859 1293 932 1360 quo
961 1273 1082 1342 codex
1108 1294 1167 1364 gr.
1192 1296 1227 1343 n.

117 1399 169 1467 98
191 1406 415 1469 memoratur
431 1417 498 1490 „en
513 1396 644 1487 papier
665 1396 712 1464 de
731 1403 858 1465 coton:
890 1398 1127 1488 Apologie
1158 1398 1228 1468 dea

117 1521 328 1615 coroticus,
352 1543 422 1612 par
438 1517 721 1609 Athenagoras“
740 1559 793 1569 —
818 1541 913 1608 quae
929 1523 1075 1610 quiden
1099 1528 1230 1592 tune-

115 1645 208 1715 latio
226 1643 388 1714 francica
410 1645 561 1735 egregie
581 1645 741 1732 quadrat
762 1646 810 1713 ad
835 1646 945 1726 istoru
960 1628 1115 1717 'titulum
1141 1657 1233 1725 em:

116 1781 210 1861 torta
228 1787 305 1863 περὶ
324 1784 524 1863 mmmm,
577 1767 632 1838 Cs.
668 1766 872 1860 Catalugue
901 1771 968 1840 des
1000 1768 1230 1844 Mannaorite

117 1911 227 1983 grece
245 1893 291 1959 de
311 1891 347 1960 la
365 1889 621 1982 Bibliutbdque
639 1894 686 1962 dc
704 1893 917 1981 l'llscurial‚
943 1916 1013 1985 par
1028 1896 1071 1967 B.
1088 1896 1226 1969 Miller.

115 2016 201 2088 Par.
228 2016 336 2085 1848.
368 2014 424 2081 4⁰.
456 2035 492 2103 -ρ,
511 2017 596 2085 oto.
635 2016 770 2087 Postea
789 2017 919 2088 Sirleti
939 2021 1088 2091 codices
1103 2022 1229 2113 pleri-³

118 2141 297 2230 quesere
330 2156 456 2206 omnen
486 2138 525 2205 in
555 2159 682 2209 manus
707 2139 855 2212 loannis
888 2143 1023 2234 Augeli
1048 2146 1161 2218 Ducis
1178 2150 1226 2220 ab

117 2268 309 2352 Altaemps
334 2267 372 2329 et
396 2260 527 2329 debinc
560 2260 766 2334 Cardinalis
797 2263 971 2338 0ttoboni
997 2270 1227 2361 (Alexandri

118 2388 216 2480 vm,
243 2385 406 2475 ttoni)
423 2392 692 2474 pervenernut3
718 2390 871 2478 denique
888 2392 1127 2467 aBenedieto
1136 2397 1223 2466 XIV

120 2509 426 2602 (troo-1758)
461 2505 716 2576 Bibliothecae
743 2516 868 2584 traditi
899 2525 982 2587 sunt
1010 2519 1222 2613 Vaticanae,

119 2636 221 2705 cuius
238 2632 465 2720 peculiarem
490 2629 687 2701 sectionem
711 2633 883 2705 elliciunt.
935 2642 1012 2712 Sed
1034 2644 1166 2739 hodie,
1186 2654 1222 2716 ut

120 2759 292 2827 accurate
320 2753 535 2842 inquirendo
561 2758 735 2847 cognovi,
772 2758 870 2826 iuter
894 2762 1160 2840 ottobonianus
1187 2771 1220 2838 iu

120 2880 303 2949 Vaticana
334 2886 549 2948 asservatos
580 2881 642 2948 ille
673 2881 790 2948 codex
819 2902 891 2950 non
928 2889 1130 2974 reperitur:
1163 2894 1220 2963 nbi

121 3006 289 3077 conditus
309 3004 356 3073 sit
376 3004 543 3092 equidem
572 3004 706 3072 nescio.

218 3233 284 3304 xl.
314 3232 437 3302 Codex
458 3232 493 3299 V
489 3233 655 3300 otieonuo
668 3236 1063 3324 graecuaItICCLX1‚
1087 3240 1222 3311 dlomae

117 3361 155 3429 in
187 3358 418 3428 Bibliotheca
453 3357 633 3426 Vaticana
667 3360 896 3451 reconditus,
937 3363 1021 3432 olim
1058 3362 1224 3453 „Antonii

118 3482 324 3553 cardinalis
355 3482 512 3551 Careiae
549 3482 848 3552 Bibliotbeoarii“
871 3486 921 3573 (†
954 3488 1090 3580 1591),
1118 3488 1226 3558 ohar-

119 3615 244 3676 taceus
272 3606 413 3674 forulae
443 3609 663 3700 quadratae,
687 3609 859 3679 soliorum
886 3612 960 3702 20,
985 3614 1138 3684 saeculo
1162 3615 1224 3682 de·

119 3731 211 3799 (timo
246 3732 385 3818 quinto
407 3738 600 3823 exaratus,
645 3732 992 3824 Athenagorae
1028 3735 1225 3828 Supplica-

120 3856 253 3925 tiottem
275 3857 400 3927 offert:
423 3845 639 3954 ’Attqvoyo'oov
653 3866 819 3955 ἆθηναίου
840 3872 1021 3960 φιλοσόφου
1043 3880 1227 3959 χροστοανοῦ

118 3995 274 4074 πρεσβεία
296 3999 373 4075 περὶ
392 3999 595 4077 χρισοοανῶν.
647 3984 724 4054 Sed
744 4006 893 4055 mancus
919 3995 993 4076 θεὶς
1021 4010 1107 4060 nam
1128 3991 1228 4060 desi·

119 4103 172 4174 nit
193 4103 256 4174 sol.
284 4105 367 4197 'liba
395 4110 520 4178 vorbis
553 4116 596 4185 riv
621 4117 696 4186 οἶδα
718 4119 917 4206 ἀνθρώπους
938 4123 1152 4210 δημιουργούς
1180 4118 1230 4207 (.
