2708 4666
505 189 887 273 PROLEGOMENA.
1134 227 1246 282 mm

132 387 202 470 πῦρ
237 391 310 471 aopi
332 384 395 473 νῆν
419 382 616 471 Ὀλυμπίαν)
714 393 840 476 λέγεται
874 401 1089 484 χρηματίζειν.
1140 391 1245 479 Quae

131 495 413 569 llodwellns
439 507 476 571 et
503 502 631 590 quien
659 525 704 575 eo
729 510 890 597 pendent
913 511 965 581 ita
992 512 1244 607 interpretan-

131 631 212 717 tur,
236 642 281 694 ac
305 622 337 693 si
355 624 437 714 ipsa
454 627 666 718 olympiade
683 651 756 720 qna
776 631 1006 724 supplicatio
1028 640 1168 730 scripta
1184 651 1243 714 est

130 745 288 818 Proteus
315 768 357 819 se
381 751 692 846 concremaverit,
717 754 751 822 ln.
774 775 804 825 e.
825 754 881 825 01.
901 760 985 828 236.
1038 760 1118 845 Qno
1144 770 1242 838 tem-

129 889 225 961 pore
247 892 357 961 quum
374 872 499 943 Verus
522 874 798 970 imperitavnrit,
823 880 1002 971 colligunt
1018 883 1103 956 hnic
1127 887 1241 958 libel·

130 997 207 1067 lnm
222 1015 329 1068 sunm
344 999 613 1089 apologeticum
632 1001 824 1071 dedicasse
843 1003 1130 1097 Athenagoram.
1163 1010 1240 1083 Sed

129 1128 306 1192 errarunt
330 1122 402 1191 viri
427 1122 581 1214 eruditi3
604 1143 688 1193 nam
720 1124 791 1194 ista
818 1128 935 1209 ¹verba
958 1148 1035 1226 napi
1049 1143 1110 1228 „pn
1128 1139 1240 1228 Ὀλυμ.

127 1261 213 1325 πίω
234 1246 441 1336 nentiquam
458 1247 616 1338 spatium
632 1255 806 1339 quattuor
822 1271 999 1321 annorum
1017 1261 1239 1349 (ὀλυμπιάδα)

127 1371 340 1465 designant,
373 1372 442 1441 sed
472 1370 652 1462 capienda
678 1377 763 1442 sunt
786 1375 832 1443 dc
858 1371 1029 1466 Olympia
1056 1378 1158 1470 vico,
1189 1378 1239 1448 ad

128 1516 237 1586 quem
262 1495 301 1567 in
324 1495 422 1567 ludis
438 1495 633 1589 olympicis
656 1495 814 1566 Proteus
841 1496 964 1568 vivum
988 1519 1029 1569 se
1052 1498 1089 1569 in
1115 1501 1238 1592 ignem

127 1619 294 1693 coniecit
344 1620 387 1692 si
410 1622 456 1691 de
480 1620 657 1711 temporis
681 1622 800 1711 spatio
822 1621 924 1710 loqui
939 1620 1116 1695 voluisset
1139 1625 1238 1696 scri·

124 1753 235 1840 ptos,
259 1746 425 1817 scribere
448 1748 609 1818 debebat
628 1757 712 1825 sord
732 1757 792 1844 τήν
812 1756 1003 1841 ὀλυμπιάδα
1020 1753 1153 1845 ταύτην.

229 1916 306 1992 lam
328 1919 526 1991 afferamus
557 1922 657 2012 qnod
682 1925 845 1992 nostram
864 1919 987 1992 lirmat
1011 1920 1236 1992 sententiam.

125 2042 402 2138 Athenagoras,
426 2045 615 2136 imperinm
633 2047 796 2117 coeleste
817 2066 899 2116 cnm
916 2053 1063 2116 temone
1084 2064 1237 2134 compa·

125 2188 228 2264 rm,
251 2168 341 2241 didit
357 2171 470 2242 &182
491 2181 614 2265 Ἐχοκε
628 2178 686 2270 ἀφ’
700 2180 824 2248 ἑαυτῶν
836 2188 893 2246 nal
904 2179 1169 2265 τῆνέπουράνιον
1175 2182 1236 2261 βα·

125 2288 253 2357 oasim
265 2288 444 2370 descen·
467 2287 510 2368 ὥς
521 2290 587 2377 yolo
607 2288 685 2373 ὑμῖν
699 2297 801 2375 πατρὶ
814 2298 870 2355 sal
883 2288 945 2378 υἱῷ
958 2286 1070 2355 πάντα
1089 2291 1235 2372 κεχείρω-

123 2422 197 2485 σω,
217 2397 349 2467 ossen
360 2399 422 2486 ςὴν
436 2401 606 2484 βασιλείαν
618 2396 778 2488 alipedes,
857 2398 957 2474 οὕτως
970 2397 1019 2463 ἑνὶ
1031 2399 1079 2485 τῷ
1099 2398 1236 2484 danim

122 2511 175 2601 sp*
192 2505 274 2593 παρ’
289 2507 392 2576 αὐτοῦ
412 2509 496 2599 λόγῳ
520 2507 582 2599 υἱῷ
605 2513 771 2598 νοουμένῳ
793 2505 956 2594 ἀμερίστῳ
978 2504 1092 2571 πάντα
1112 2501 1235 2570 duosd-

122 2656 253 2702 smo.
281 2619 422 2709 Quibus
445 2622 538 2694 hacc
556 2623 841 2714 imperatoribus
858 2618 989 2690 melius
1013 2616 1235 2689 conveniunt

124 2768 237 2839 qnam
259 2744 388 2820 llnrco
408 2768 453 2819 ac
477 2745 554 2818 lilio
570 2746 800 2819 Commodo?
820 2744 883 2814 Ad
900 2742 1057 2834 Verum,
1085 2741 1145 2832 qni
1165 2759 1234 2831 per

124 2873 362 2966 adoptionem
385 2871 506 2944 irater
521 2870 642 2942 Marci
664 2877 762 2963 erat,
785 2887 856 2938 non
874 2866 1067 2953 quadrant.
1109 2864 1234 2938 Cona-

123 3007 186 3072 tnr
209 2997 359 3090 quidem
390 2995 451 3066 Pa
459 2996 570 3086 gius
597 2995 706 3066 istum
742 2994 860 3060 locum
883 2988 921 3056 in
951 3008 1054 3057 snam
1080 2987 1233 3057 trahere

123 3142 294 3217 censam,
341 3120 510 3212 qnoniam
542 3118 665 3189 Verus
705 3132 821 3203 gener
851 3109 971 3180 Marci
1003 3106 1132 3196 fuist).
1180 3107 1233 3179 At

122 3268 218 3321 vern
245 3247 485 3337 incongruum
511 3242 609 3313 foret
636 3239 744 3308 deum
768 3240 913 3324 patrem
935 3253 1014 3304 cnm
1041 3237 1233 3303 secernet

122 3372 185 3445 del
199 3369 315 3442 illium
330 3390 411 3443 cnm
435 3383 572 3460 genero
592 3357 783 3432 conferret
808 3356 886 3426 llsc
904 3355 1072 3427 nimirum
1087 3354 1232 3426 ratione

121 3497 286 3590 scriptor
317 3493 516 3588 gentilibus
549 3481 779 3555 occasionem
817 3481 984 3553 dedisset
1022 3480 1149 3570 inepta
1184 3479 1232 3548 de

119 3620 276 3693 Christo
301 3619 363 3689 dei
385 3614 463 3685 lilio
488 3607 684 3700 cogitandi.

226 3767 299 3853 Qni
321 3766 372 3835 ad
393 3762 560 3833 Marcum
584 3763 622 3830 et
650 3756 791 3827 Verum
819 3751 1092 3843 inscriptionem
1126 3747 1233 3822 rele-

118 3898 228 3983 rnnt,
251 3885 396 3978 'Pagius
433 3884 601 3956 clericos
634 3879 816 3972 (ludione,
852 3875 1166 3986 Supplicationem
1194 3873 1233 3942 in

185 4113 218 4181 ·)
236 4111 344 4180 capitol.
362 4111 389 4165 in
405 4110 473 4163 loro
491 4123 513 4161 c.
530 4105 556 4160 2.
