2708 4666
325 160 380 223 nn
399 159 732 225 msonnnorronn
747 160 1003 224 uonruorou.
1158 157 1222 223 asu

118 336 205 397 serie
217 335 431 413 generanturi
453 333 572 403 Quodsi
593 333 626 393 id
642 333 839 411 perspiouuna
859 335 909 392 est
922 297 962 392 ‘ot
983 333 1107 394 omnino
1124 348 1224 412 opor·

118 449 167 506 tot
194 447 229 505 ut
250 446 426 523 potentias,
449 462 530 521 quae
548 439 661 503 naturai
689 447 743 504 ant
764 446 833 502 arto
855 443 1069 521 eontinentur,
1098 460 1225 506 aarum·

118 572 180 632 qne
200 571 298 633 opera
319 559 545 616 oouseutaneus
560 557 691 612 naturae
711 553 780 612 linis
802 555 961 631 sequatur,
984 569 1114 614 nooosse
1130 570 1226 631 pror·

118 681 173 725 sus
197 667 296 726 estut
317 665 473 725 bominum
494 665 581 740 finis,
603 666 638 724 ut
658 663 828 740 singularis
849 665 980 723 naturae
1003 665 1089 740 finis,
1117 681 1227 725 souer-

119 779 212 835 natur
235 792 254 834 a
279 778 476 835 oaetororuro
504 774 749 834 communiretur
770 774 922 850 siquidem
953 775 1075 834 minimo
1098 773 1147 834 las
1176 777 1226 834 est

119 886 261 947 eumden
280 889 421 945 statuere
445 885 535 944 duom
551 900 657 944 eorum
679 899 758 960 quae
773 884 939 943 rationalis
956 884 1060 944 iudicii
1082 884 1227 961 expertia

120 1000 195 1056 sunt
216 999 249 1055 et
265 1011 373 1056 eornm
398 1011 477 1070 quae
492 994 659 1054 secundum
673 990 797 1053 insitam
811 994 913 1071 legem
926 997 959 1054 et
977 995 1129 1055 rationem
1147 999 1230 1071 ope-'

120 1110 249 1183 rantur,
279 1105 309 1165 b.
330 1123 358 1165 e.
388 1106 537 1183 prudenti
565 1105 631 1164 vita
660 1106 693 1163 et
713 1103 832 1163 iustitia
856 1107 991 1164 utuntur.
1034 1103 1101 1163 Non
1129 1105 1227 1181 igitur

120 1217 294 1276 indolentia
322 1217 472 1293 proprius
500 1216 562 1274 orit
590 1215 628 1274 iis
651 1214 738 1292 linis,
767 1215 935 1274 eommunis
969 1214 1049 1273 eninr
1076 1218 1164 1274 esset
1188 1215 1227 1274 iis

122 1325 217 1387 etiam
235 1342 315 1404 quae
340 1342 452 1385 sensus
467 1324 613 1402 expertia
635 1327 722 1383 sunt:
746 1324 803 1383 sed
818 1340 918 1399 neque
935 1341 1041 1384 eoruru
1057 1340 1137 1401 quae
1153 1340 1227 1384 oor·
1326 1322 1333 1330 ‘

122 1455 183 1515 pus
204 1438 292 1497 alunt
314 1439 369 1495 aut
399 1435 559 1497 obleotant
581 1432 748 1512 perfruitio
772 1435 804 1492 et
828 1434 919 1511 oopia
938 1434 1151 1511 voluptatum
1174 1440 1229 1496 aut

123 1563 255 1607 necesse
285 1548 336 1605 est
367 1545 535 1605 belluinam
568 1544 663 1603 vitam
688 1544 805 1620 primas
837 1543 997 1620 obtinere,
1029 1561 1098 1605 earn
1124 1549 1229 1607 autem

124 1673 205 1735 quae
232 1657 271 1716 ad
299 1656 445 1716 virtutem
466 1654 612 1731 dirigitur
632 1653 750 1715 nullum
775 1653 815 1713 ad
836 1653 925 1713 linem
949 1655 1052 1733 dirigi.
1096 1654 1229 1719 Bellou-

123 1784 193 1828 rum
220 1767 299 1825 euim
328 1764 467 1825 arbitror
490 1767 523 1822 et
553 1764 705 1840 pecudum
734 1779 805 1822 osso
836 1765 997 1841 proprium
1026 1765 1107 1826 buno
1128 1767 1229 1844 finem,

123 1893 186 1937 nou
209 1876 363 1936 boninum
387 1873 552 1936 immortali
580 1874 680 1933 anima
703 1876 736 1932 et
765 1873 912 1936 rationali
932 1876 1045 1936 iudioio
1068 1877 1228 1938 utentium.

212 1989 265 2047 25.
289 1984 397 2061 Neque
415 1984 559 2062 prolecto
577 1984 739 2044 beatitudo
757 1985 877 2044 animae
899 2002 917 2044 a
941 2002 1075 2063 oorporo
1097 2006 1230 2067 separa-

125 2101 196 2171 tae;
228 2097 348 2156 minimo
371 2097 451 2155 eninr
475 2094 658 2154 alterutrius
681 2111 788 2154 eornm
807 2112 848 2153 ex
869 2095 981 2170 quibus
1000 2102 1123 2158 oonstat
1138 2099 1230 2161 borno

125 2207 223 2266 vitam
253 2206 486 2265 consideramus
521 2208 576 2264 aut
607 2205 714 2280 tinem,
748 2204 805 2263 sod
833 2204 919 2264 illius
949 2207 1002 2281 qni
1028 2224 1068 2267 ex
1097 2214 1230 2287 utroquo

126 2320 267 2379 oonstat:
289 2317 364 2376 talis
394 2315 473 2375 enim
502 2317 551 2374 est
584 2315 724 2391 quisquis
753 2315 870 2375 hanone
902 2317 997 2376 vitam
1022 2319 1152 2379 sortitus
1181 2326 1231 2381 ost

127 2427 237 2505 bomo,
264 2429 298 2486 et
324 2426 410 2485 illius
431 2424 517 2483 vitae
537 2424 698 2502 proprium
721 2424 856 2500 aliquem
879 2442 950 2487 esse
974 2428 1065 2488 iinorn
1094 2434 1232 2508 oportet.

127 2535 246 2606 Quodsi
267 2536 434 2610 utriusque
458 2535 527 2593 fluis
551 2537 620 2611 est,
642 2534 732 2611 isque
757 2552 815 2595 noo
839 2537 904 2596 illis
926 2538 1028 2599 adbuo
1045 2538 1231 2617 degentibus

127 2647 158 2705 in
185 2646 281 2706 baooo
304 2647 368 2705 vita
395 2640 531 2723 reperiri
564 2647 670 2722 potest
693 2647 826 2729 proptor
846 2663 958 2707 oausas
988 2665 1085 2727 saepe
1105 2650 1231 2731 allatas,

127 2772 186 2815 neo
209 2757 239 2815 in
257 2756 391 2815 animoa
411 2771 546 2831 oorporo
564 2727 729 2832 sopardta,
752 2772 790 2816 eo
812 2758 895 2832 quod
912 2758 986 2818 talis
1002 2759 1094 2819 bonno
1112 2762 1232 2822 minime

129 3022 298 3092 παριὸτητα,
322 3017 359 3086 οἷς
377 3023 446 3091 perui
465 3024 550 3095 τοῦτο
570 3019 664 3077 οὖκέτι
698 3041 733 3089 κη
758 3020 883 3085 πάντως,
912 3025 939 3077 εἰ
960 3022 1054 3091 με’λλοε
1079 3021 1233 3095 ἄνθρωπος

130 3106 222 3166 dnos
238 3104 325 3178 ἡμῶν.
699 3109 785 3160 τινοῖν
802 3109 858 3160 τῶν
872 3105 945 3160 sorni
963 3105 1012 3162 roa
1024 3107 1152 3175 παρόντα
1165 3116 1233 3182 βίον

199 3196 241 3250 13.
260 3194 425 3263 πρωτεύειν]
444 3198 503 3250 uer.
518 3194 663 3262 πρωτεύει.
699 3187 777 3260 αύτῷ
802 3193 1093 3261 πεπραγματευμένον
1124 3199 1233 3268 [Pam

129 3284 191 3336 Mox
210 3282 277 3336 clar,
295 3282 313 3334 2
334 3278 359 3335 δ’
378 3279 459 3337 εἶναι,
697 3275 908 3347 πεπραγμένων]
925 3277 1109 3346 innuptorum,
1126 3281 1233 3340 titanos

200 3366 240 3421 14.
260 3365 348 3432 τέλος]
386 3368 454 3422 (ilar.
478 3368 496 3421 2
521 3361 553 3421 ro*
577 3364 663 3429 τέλος.
698 3357 808 3417 τούτων
833 3360 888 3417 ἀλλ’
908 3363 959 3419 oo'a
976 3363 1005 3432 ἐξ
1023 3361 1152 3435 ἡμισείας
1168 3386 1232 3438 rop-

128 3454 183 3507 Pro
201 3450 338 3527 οέθατάτφ
365 3455 425 3508 Aet.
443 3459 470 3507 et
486 3455 569 3508 Nono.
590 3449 664 3506 u'do-
698 3445 800 3514 κάνεον.

128 3536 232 3592 advos.
766 3549 791 3602 2
816 3547 867 3602 τὸν
890 3551 954 3619 βίον
981 3549 1082 3619 tontole]
1118 3556 1179 3611 Aoi.
1208 3563 1234 3612 et

201 3624 226 3678 1.
246 3621 459 3691 κεχωρισμένης]
485 3623 553 3676 Clit-
577 3623 594 3676 ²
618 3641 663 3678 tt!-
700 3632 760 3688 editi
778 3633 937 3703 leporario
955 3637 1026 3706 βίον.

129 3707 341 3777 praeruperu—
359 3708 522 3761 Scholion
541 3710 567 3761 in
586 3725 665 3777 marg.
767 3755 792 3808 3·
817 3755 856 3808 El
886 3751 929 3820 δὲ]
965 3758 1024 3810 M·
1053 3755 1129 3816 οὐδὲ
1173 3763 1233 3818 Mox

131 3795 191 3934 5:52
218 3795 280 3894 1⁰}
302 3792 335 3931 {²
371 3792 409 3847 El
432 3791 486 3892 {⁰²⁰
515 3787 667 3894 &epm
700 3836 781 3891 toan:
814 3836 846 3894 ro*
871 3840 949 3904 τέλος
972 3843 1078 3898 τοῦτο
1105 3843 1141 3900 ot
1165 3848 1234 3902 tori

176 3897 222 3932 oso
247 3897 280 3931 το
319 3896 336 3929 κ
359 3880 471 3947 toycam
496 3890 590 3950 ψυχης
618 3881 665 3935 καλ

133 3962 265 4035 soiperus
290 3962 468 4031 συγκείμενον
491 3967 580 4032 ζῶον,
603 3961 664 4034 oripi

133 4047 165 4105 δὲ
178 4047 255 4118 Μή
270 4047 344 4118 μόνη
364 4051 434 4120 [Por.
451 4050 469 4104 2
485 4049 599 4120 pdaovl,
622 4045 664 4114 ὥς

132 4132 202 4192 οοόλ
222 4136 302 4204 σῶμα
319 4137 412 4207 ψυχῆς
427 4135 556 4206 moreius,
573 4132 661 4206 ἀτάρ·
765 4138 790 4193 t.
809 4134 932 4206 taum]
952 4141 1053 4197 curo
1076 4140 1131 4209 tois
1147 4144 1214 4200 τότ.

699 3925 995 4062 ἶὲοοαμφοτὲροο
1022 3928 1123 3995 τέλος
1147 3933 1231 3986 τοῦτο

751 4013 800 4062 eto.
