2708 4666
353 208 619 276 marcario
640 216 721 279 rno
743 216 1006 285 οιιιιιιπιιιιε.
1192 219 1234 309 ιι

118 382 208 445 seria
238 382 289 443 sui
317 383 443 445 belluas
471 403 533 447 non
563 388 713 466 ιιιιιῃιιι,
748 394 782 450 οι
812 392 886 468 iege
918 399 1050 454 naturae
1072 398 1111 456 et
1142 398 1234 461 uerte

119 494 266 569 temporo
284 493 370 569 quod
390 498 442 554 est
455 498 673 572 procreandae
695 499 799 559 soboli
819 502 1031 579 constitutum,
1051 520 1115 565 aon
1133 506 1234 567 liceu-

119 601 205 661 tiose
226 601 412 673 miscentur,
441 607 475 665 et
496 622 553 666 eos
579 607 713 666 etiams
743 609 856 684 quibua
887 610 948 670 sibi
969 611 1051 671 bene
1074 612 1109 672 dt
1130 630 1234 690 agno·-

119 712 223 771 acuas
252 708 286 770 Si
301 711 370 787 quia
386 729 465 791 ergo
481 716 559 791 ipsis
575 715 690 775 belluis
707 717 878 795 immanior,
900 735 1062 794 quamnam
1079 720 1107 779 ia
1124 721 1234 784 talium

119 818 280 879 eriminum
310 836 443 897 poenam
473 825 662 901 porsolvens
695 826 788 885 etiam
811 842 871 903 pro
894 830 1005 889 merito
1030 829 1134 907 puniri
1155 846 1234 890 ceu·-

120 927 268 987 subituri
292 927 325 987 Si
347 946 424 990 vero
441 931 520 991 hace
542 933 639 993 verba
662 936 735 994 sunt
757 938 789 993 et
811 935 984 996 calumniae
1006 938 1131 1015 inanes,
1152 956 1233 1015 quae

120 1036 193 1097 tude
213 1037 356 1097 oriuntur
378 1040 461 1115 quod
482 1040 589 1101 vitium
611 1044 720 1103 virtuti
744 1044 881 1103 naturali
895 1046 1023 1109 ratione
1045 1048 1234 1109 adversetur

119 1148 154 1206 et
173 1146 334 1206 contraria
354 1144 460 1207 divina
481 1149 554 1227 iege
578 1146 662 1210 inter
683 1168 719 1211 ae
741 1155 889 1230 pugnent,
912 1156 1006 1230 atque
1029 1154 1107 1214 nihil
1126 1153 1234 1218 horum

120 1255 253 1315 anobis
274 1256 396 1316 admitti
419 1273 479 1317 vos
502 1263 603 1319 testea
626 1262 714 1337 estis,
738 1261 855 1336 quippe
876 1276 987 1320 noman
1010 1266 1152 1324 nostrum
1174 1266 1233 1325 de·

120 1476 178 1545 isse
203 1480 312 1533 ustarae
329 1493 358 1532 as
377 1477 519 1533 tendunt.“
537 1511 572 1520 -
606 1484 658 1536 l'ro
694 1470 734 1548 gia
753 1482 783 1534 ad
800 1482 836 1535 nl.
856 1481 921 1535 Aur.
941 1496 982 1548 ap.
1001 1483 1140 1537 Eusebium
1156 1484 1233 1540 leli.

119 1563 192 1631 Osis·
210 1558 288 1632 sopp
308 1562 367 1618 eet.
384 1564 456 1636 θείῳ
473 1562 552 1635 μόνῳ
576 1570 612 1635 (c.
631 1566 658 1621 2.
695 1567 738 1620 lv,
754 1582 776 1618 ο.
785 1566 836 1618 tu:
856 1559 918 1620 iot
935 1563 1030 1634 suerio
1048 1583 1101 1621 ooo
1169 1572 1233 1633 suis

120 1662 147 1701 u.
162 1644 224 1715 2⁰).
694 1647 791 1704 πόλεσι
805 1649 867 1716 sepi
886 1651 938 1704 τοῦ
955 1648 1044 1718 μηδὲν
1061 1654 1234 1721 restruitur

191 1730 217 1785 t.
241 1730 301 1796 soi]
327 1730 390 1786 Soli.
412 1733 445 1787 ei.
487 1734 580 1787 Nescio
598 1734 660 1803 quid
694 1733 758 1801 sepi
787 1728 867 1804 ἡμῶν
898 1732 1032 1804 ἔγραψεν,
1058 1733 1089 1791 is
1112 1734 1158 1801 oie
1182 1736 1232 1792 soei

121 1816 170 1871 usi
188 1816 251 1870 velle
269 1816 431 1881 Lindnerus,
458 1818 581 1886 supplens
600 1816 657 1874 eisd
693 1816 765 1886 sepis
832 1816 997 1888 Ἀθηναίοις
1012 1821 1060 1875 sui
1073 1820 1146 1888 soris
1161 1820 1230 1878 πάν·

122 1906 183 1956 aste
214 1902 267 1955 ecs
292 1898 380 1968 sepiis
412 1899 522 1956 τούτων
550 1900 659 1960 ἀδικεῖν
693 1922 745 1966 τας
762 1898 925 1973 Ἓιιηναμ]
971 1906 1074 1959 Marsus
1101 1908 1231 1976 Aurelius,

122 1980 236 2057 (ἡμᾶς).
264 1988 328 2052 Arg.
347 1988 459 2053 codrus,
479 2003 529 2041 non
549 1987 659 2044 sericos
693 1991 742 2043 etsi
762 1994 813 2043 tarn
832 1990 972 2043 liberaliter
997 2005 1053 2042 curn
1079 1990 1231 2045 christianis

120 2072 148 2127 h.
160 2088 185 2126 s.
204 2070 358 2137 flagitiorum
375 2077 434 2124 ante
454 2079 657 2127 memoratorum.
692 2075 867 2140 nonagenas,
887 2089 931 2127 eos
949 2079 1034 2128 tamen
1052 2074 1166 2128 mesauri
1185 2090 1231 2129 re-

190 2154 234 2209 eo.
262 2152 391 2223 presso]
424 2157 504 2211 codd.
540 2161 597 2211 ursii
632 2164 658 2213 et
692 2162 777 2209 iuerat
804 2160 891 2226 paucis
919 2160 993 2210 annis
1022 2163 1081 2210 anie
1108 2174 1181 2227 quam
1206 2160 1233 2213 ei

120 2234 343 2308 ostudunensis.
373 2242 419 2294 liis
438 2244 583 2296 coniectura
602 2244 657 2297 iia-
692 2242 756 2294 hane
776 2243 926 2311 Apologiam
949 2243 1129 2310 Athenagoras
1152 2244 1232 2297 oder·

120 2326 326 2381 muletetur:
347 2342 411 2395 quae
435 2328 470 2379 ita
495 2327 604 2395 placuit,
629 2334 658 2381 ιιι
693 2330 732 2378 ret
759 2330 793 2389 [a.
819 2325 891 2396 llil.
926 2326 1048 2392 „„Sieut
1073 2342 1124 2380 non
1148 2328 1232 2396 palam

120 2414 148 2465 lu
172 2414 245 2463 texts
270 2425 432 2479 reponerem.
466 2412 499 2465 Si
518 2414 590 2465 reiicit
609 2416 656 2467 io·
692 2412 723 2463 ab
758 2410 882 2464 eiusmodi
913 2410 1113 2480 luminibus““,
1148 2412 1232 2480 lnquit

119 2512 183 2551 esse
200 2512 218 2548 o
236 2496 315 2549 nodis
339 2498 446 2549 odorilti
467 2513 515 2549 oos
541 2500 596 2565 ipsi
618 2504 656 2552 te·
692 2496 864 2549 Tertullianus
888 2495 906 2550 Ι.
925 2511 948 2549 c.
975 2511 998 2548 e.
1019 2497 1051 2557 5,
1079 2510 1231 2564 ,‚„poensm
1314 2551 1320 2556 ,

119 2586 175 2636 ates
192 2582 273 2646 estis,
294 2584 340 2649 pul
357 2597 454 2633 aonuen
471 2587 591 2634 nostraene
610 2586 654 2636 de·
693 2580 807 2647 dimovit,
825 2582 860 2633 ila
875 2580 924 2634 aiio
940 2580 1013 2637 modo
1029 2580 1110 2648 palam
1129 2580 1230 2649 disper-

119 2668 190 2737 [σπι
204 2666 313 2719 ostatis.
347 2665 473 2733 ‚,Neias“‚
492 2668 527 2729 ait
542 2667 585 2719 iile
603 2668 657 2721 edi·
693 2667 736 2731 sit,
753 2664 849 2718 adiecta
865 2666 940 2718 etiarn
957 2664 1144 2718 accusatornlsus
1160 2665 1231 2718 dam·

120 2754 171 2816 nr.
190 2750 339 2818 „ambigere
357 2752 418 2818 quin
437 2752 556 2818 respiciet
576 2753 657 2805 Atine-
693 2752 795 2803 natione
808 2754 834 2803 et
848 2750 948 2818 quidem
964 2750 1126 2803 tetriore.‘⁸“
1145 2751 1231 2817 Quare

117 2834 276 2903 amissuri
291 2834 391 2903 aliquod
409 2837 589 2903 imperatorum
603 2836 658 2889 edi·
693 2851 749 2888 com
762 2836 863 2887 llarous
874 2835 1034 2888 Cirriatianos
1052 2836 1166 2887 accusari
1183 2846 1230 2886 ra·

120 2926 198 2985 clun.
216 2935 249 2973 ea
268 2910 526 2988 quoiiinrlstiari'orunn
545 2922 659 2975 eluceret
693 2924 776 2985 taret,
795 2920 919 2971 accusatis
938 2932 1044 2986 poenam
1063 2933 1114 2971 non
1132 2917 1230 2969 emme-

121 3005 276 3061 hsoceulla.
312 3004 349 3057 at
365 3004 407 3057 six
427 3005 478 3056 ullo
502 3005 585 3057 edicio
610 3008 658 3059 im·
692 3008 742 3069 ret,
761 3005 851 3055 merito
871 3001 1047 3069 Athenagoras
1065 3002 1133 3052 iiiios
1152 2999 1229 3051 teati-

121 3096 256 3161 penatores
273 3090 445 3143 innocentiam
455 3090 657 3143 christianorum
692 3089 776 3141 monio
786 3087 987 3140 christianorum
1001 3082 1171 3135 innocentiam
1182 3080 1229 3134 de·

120 3174 307 3245 mittendus
323 3172 493 3237 declararunt,
513 3190 585 3243 quarn
600 3191 657 3227 cuna
692 3174 782 3225 eiurari
801 3169 939 3224 contendit.
976 3166 1048 3233 Quod
1066 3163 1167 3233 quidem
1185 3179 1228 3218 sr-

120 3276 210 3317 ssrsru
251 3272 343 3311 nomen
379 3257 476 3311 deterri
510 3262 657 3313 vetuerunt.
691 3260 837 3323 cuneatum
856 3256 893 3307 sie
911 3250 1060 3305 Tertulliani
1078 3248 1164 3302 nervis
1186 3248 1228 3302 ri-

119 3346 245 3403 fnisuus
265 3344 348 3396 Plinio
366 3344 536 3410 rescripserat
561 3344 656 3410 ,minoe
691 3342 780 3393 beatur
803 3340 820 3391 Ι.
839 3356 861 3392 c.
886 3352 909 3389 e.
927 3334 958 3387 ιι
986 3333 1052 3401 „„0
1074 3334 1242 3400 metensium,

119 3445 202 3501 genua
219 3427 385 3497 inpertiendos
402 3426 502 3495 quidem
523 3444 572 3480 non
590 3443 656 3492 esse,
692 3425 845 3478 necessitate
862 3418 1006 3474 coniusami
1041 3417 1125 3484 Nepai
1141 3418 1228 3486 inqui-

119 3516 219 3571 sbialos
244 3526 305 3564 nero
327 3512 413 3579 puniri
431 3515 604 3587 oportere“⁴‘‚
629 3516 658 3565 ul
691 3509 785 3562 rendos
799 3511 828 3559 ut
843 3508 1002 3570 innoeentes,
1021 3505 1048 3555 et
1062 3499 1163 3555 mandat
1178 3518 1228 3572 pu·

117 3602 155 3657 Ιι
171 3597 345 3653 Tertullianus
364 3596 473 3666 apolog.
493 3613 516 3650 e.
534 3597 559 3652 2.
602 3598 657 3652 ila·
691 3593 799 3647 nlendoe
816 3593 845 3643 ιιι
861 3591 993 3641 nocentes.
1012 3586 1108 3639 -Ριιοίι
1125 3588 1154 3638 et
1168 3600 1228 3640 ase-

117 3684 225 3741 sunna
238 3683 263 3735 in
272 3679 387 3750 Epistola
400 3681 576 3745 edllinucium
584 3682 656 3735 Fun·
691 3681 738 3741 ιιι,
753 3675 893 3729 dissimulat
908 3678 935 3726 et
949 3670 1133 3724 animadvertit
1161 3669 1229 3737 Quis

117 3768 212 3825 haum
237 3766 291 3835 [ap.
317 3765 409 3817 lustin.
422 3754 507 3832 'Apol
526 3767 548 3821 l.
568 3782 591 3822 c.
610 3764 655 3832 te]
691 3762 853 3829 temetipsum
868 3771 976 3810 censore
992 3755 1179 3808 circumveniet
1198 3754 1229 3809 Sl

117 3856 146 3911 is
163 3855 238 3923 ipsos
257 3850 385 3903 delatores
411 3850 578 3904 animadverli
603 3854 654 3905 ius·
691 3847 808 3908 temnas,
832 3857 877 3896 eur
895 3856 946 3894 non
964 3839 1093 3908 inquietet
1129 3838 1158 3892 Si
1175 3852 1228 3891 non

117 3940 198 4005 mi,
215 3934 410 3989 sicleristiauos
428 3935 507 3986 solius
525 3936 657 4003 religionis
691 3929 814 3998 inquiris,
847 3940 894 3980 cur
925 3940 976 3979 uon
1009 3930 1037 3977 et
1062 3922 1227 3977 alcoleiatt‘i‘

115 4022 223 4079 umine
248 4023 406 4073 recusarent.
442 4019 512 4072 idern
536 4025 658 4072 mouerat
691 4016 763 4068 ilaec
794 4011 947 4066 Tertulliani
973 4010 1038 4062 dicta
1069 4009 1101 4063 de
1126 4007 1229 4061 'l'raianl

115 4107 268 4167 Διιοιιιιιι
286 4102 358 4157 Pius.
394 4102 497 4171 [lielito
514 4103 541 4163 in
559 4103 657 4172 Apulo·
693 4098 777 4155 edicto
795 4095 862 4151 haud
880 4096 934 4152 acio
948 4110 980 4148 sn
995 4094 1086 4148 meiius
1104 4089 1230 4162 ςιιιιιοιιι

149 4198 232 4269 corp.
251 4194 337 4266 spu
360 4194 415 4247 vn.
433 4192 491 4247 nn.
1004 4184 1024 4249 ι
