2708 4666
343 184 744 252 commanemus
765 148 1054 252 uoamoaou'
1149 185 1209 253 ιοι

116 368 192 427 tem.
236 360 387 432 Quantum
408 360 489 420 enim
508 360 550 420 ad
563 360 857 421 demonstrationem
879 362 912 421 et
926 362 1098 423 naturalem
1124 362 1213 423 ordi-

116 493 188 536 nem
210 473 338 550 attinet,
365 470 489 548 priores
521 473 593 530 sunt
621 482 745 547 semper
774 458 933 532 se'rmooes
955 473 994 533 de
1016 473 1150 532 veritate
1176 472 1216 532 iis

119 584 172 664 qui
187 600 247 662 pro
269 583 403 643 veritate
419 581 508 659 sunt,
531 581 675 656 quantum
697 581 798 640 summ
819 581 858 641 ad
875 581 1022 642 maiorem
1041 583 1217 660 utilitatem,

120 689 276 757 conversat
304 693 424 751 ratione
445 690 478 749 hi
500 706 559 767 pro
581 689 716 749 veritate
741 690 805 749 illis
833 691 873 751 de
896 693 1031 753 veritate
1053 697 1215 770 praeeunt.

121 807 232 883 Neque
255 803 335 864 enim
352 801 455 879 possit
475 799 614 877 agricola
630 799 746 858 semina
769 802 989 862 convenienter
1012 805 1116 863 terrae
1131 819 1218 863 com·

122 919 266 992 mittere,
293 913 353 973 nisi
373 912 462 989 prius
484 911 669 987 sylvestrem
693 911 850 970 materiam
873 912 1021 973 achonis
1051 912 1219 973 seminibus

122 1028 287 1088 nocentem
307 1022 475 1096 evulserit,
503 1035 603 1095 neque
625 1019 763 1079 medicus
786 1021 924 1082 salutare
944 1021 1142 1100 pharmacum
1162 1039 1220 1083 ae·

124 1139 217 1220 grato
244 1132 369 1210 corpori
394 1129 574 1206 infundere,
609 1129 668 1188 uisi
687 1130 776 1206 prius
802 1131 989 1192 residentem
1017 1133 1218 1193 vitiositatem

125 1244 311 1324 expurgarit
333 1245 387 1301 ant
407 1241 574 1300 irruentem
593 1238 784 1300 cohibuerit:
807 1258 907 1317 neque
928 1241 1073 1319 proiecto
1093 1245 1144 1321 qui
1161 1260 1220 1304 ve·
1271 1243 1274 1253 '

125 1357 251 1416 ritatem
269 1353 384 1413 dooere
405 1351 473 1410 vult
494 1350 611 1428 possit,
634 1349 672 1408 de
692 1351 825 1411 veritate
842 1352 1019 1429 disserens,
1041 1369 1221 1430 quemquam

126 1466 320 1545 persuadere
342 1461 545 1521 delitescente
560 1459 591 1516 in
605 1458 791 1518 audientium
809 1461 909 1521 auimo
930 1460 1010 1521 falsa
1027 1464 1132 1540 aliqua
1150 1465 1222 1542 opi-

127 1576 220 1637 nione
244 1576 276 1633 et
291 1573 330 1632 iis
349 1587 429 1647 quae
446 1570 588 1631 dicuntur.
603 1567 758 1628 obstante.
801 1568 1003 1639 Quamobrem
1017 1589 1075 1632 uos
1093 1589 1224 1650 quoqne,

126 1687 170 1747 ad
198 1684 231 1744 id
259 1681 342 1758 quod
369 1680 476 1741 utilius
505 1682 555 1740 est
575 1678 798 1756 respicientes,
829 1696 1042 1756 nonnunquam
1064 1698 1223 1742 sermones

128 1812 189 1875 pro
212 1793 346 1853 veritate
368 1791 408 1850 iis
432 1807 510 1866 quae
531 1790 570 1849 de
593 1790 728 1849 veritate
750 1792 822 1849 sunt
843 1793 1077 1869 praeponimus;
1104 1794 1226 1870 pariter

129 1921 212 1967 nune
228 1918 350 1980 quoqne
365 1899 469 1960 faeere
485 1900 515 1958 in
531 1899 589 1959 hac
603 1899 642 1959 de
662 1901 890 1960 resurrectione
904 1903 1150 1978 pertractatione
1163 1919 1225 1962 noo

131 2014 243 2075 inutile
265 2012 390 2072 videtur
411 2008 678 2069 considerantibus
700 2009 773 2085 quid
801 2010 921 2070 deceat.
963 2010 1040 2070 Nam
1060 2012 1120 2073 han
1134 2014 1226 2073 etiam

132 2127 165 2187 in
187 2141 225 2184 re
250 2121 416 2182 nonnullos
435 2119 606 2179 invenimus
629 2119 749 2178 omnino
776 2120 970 2198 incredulos,
995 2124 1143 2197 quosdam
1168 2127 1228 2186 du·

132 2237 288 2313 bitantes,
320 2235 413 2307 atque
440 2245 480 2288 ex
503 2229 541 2288 iis
562 2229 614 2305 qui
629 2229 726 2304 prima
746 2229 898 2307 principia
914 2237 1118 2309 susceperunt
1133 2253 1229 2313 quos·

205 2450 248 2506 ab.
263 2444 465 2517 uposdocopsv]
481 2444 664 2510 Clantmpon-
699 2442 760 2512 torpe
776 2447 836 2506 sois
855 2439 1077 2516 σ’μφιβοὶλλοσσιι
1094 2444 1228 2507 ἀπιστοῦ-

137 2535 294 2606 ιιὶσσομιι,
325 2534 369 2587 sed
394 2549 410 2587 σ
436 2547 543 2585 erasum.
579 2531 665 2583 Paullo
700 2546 745 2583 om
762 2524 869 2596 alterare
885 2532 933 2585 sul
951 2527 1093 2599 dentrice.

137 2625 268 2682 snteAet
286 2617 448 2690 ἀφορῶντι
466 2633 512 2688 pro
536 2613 666 2685 α’φορῶι-
766 2615 810 2669 25.
835 2612 878 2679 dt]
911 2616 978 2670 clar.
1004 2620 1027 2672 1.
1052 2620 1110 2674 Aet
1136 2624 1230 2677 ethis.

138 2731 192 2776 ης,
702 2701 763 2754 Vall.
782 2701 845 2755 aul:
864 2701 888 2754 id
906 2705 971 2769 quod
990 2704 1050 2757 editi
1067 2721 1166 2776 quoque
1183 2709 1230 2761 hs-

703 2789 772 2852 bent,
798 2791 904 2855 excepto
921 2787 1077 2846 Musaniano.

771 2870 812 2924 26.
845 2869 895 2940 sris
925 2871 1038 2938 septiens
1069 2870 1233 2942 ὑποθέσεις]

769 2955 800 3008 ἰοί
816 2959 904 3024 pessel
920 2969 964 3008 eos
989 2957 1029 3010 bie
1046 2959 1172 3026 designari
1190 2963 1233 3030 qui

704 3054 793 3092 reeens
811 3041 926 3092 conversi
944 3045 1041 3093 caetera
1055 3042 1154 3110 quidem
1168 3044 1233 3111 dog·

208 3121 252 3176 24.
270 3121 324 3176 Kal
351 3117 402 3189 γὰρ
481 3111 669 3183 ἅποοοῦνται]
704 3128 769 3176 mab
793 3123 943 3191 credebant,
968 3124 1012 3176 sed
1037 3124 1118 3178 adhue
1142 3126 1173 3179 de
1191 3143 1234 3180 re-

141 3208 309 3263 sehollon
328 3207 353 3258 in
371 3221 447 3270 murs.
473 3203 531 3256 Par·
548 3203 563 3254 1
583 3203 670 3267 (11111111
704 3210 861 3261 surrectione
883 3209 1044 3263 fluctuabant.
1078 3209 1149 3264 lianc
1167 3212 1237 3265 enim

140 3308 207 3348 asse.
224 3292 275 3359 xl)
298 3296 324 3344 et
343 3290 375 3342 2:
394 3283 461 3343 ’Ὁτι
480 3287 570 3357 [Dech.
588 3286 673 3338 omisit
705 3307 751 3361 pro
790 3293 893 3344 veritate
925 3291 1067 3362 disputandi
1103 3297 1237 3364 rationem,

141 3381 228 3432 eontra
246 3376 318 3430 codd.
335 3374 424 3442 matos]
442 3373 479 3444 τῷ
497 3371 559 3439 sapt
580 3370 671 3440 [uach.
706 3392 778 3444 quam
803 3376 829 3427 iu
848 3376 926 3443 prims
951 3381 1023 3445 parta
1041 3379 1125 3447 operis
1147 3382 1236 3449 sepul-

142 3463 228 3517 omisit
250 3465 337 3515 contra
362 3458 446 3528 codd]
471 3459 522 3526 τῆς
548 3450 670 3508 decore·
706 3467 748 3513 tur
769 3462 959 3528 Athenagoras,
978 3461 1065 3515 utilem
1087 3480 1144 3517 esse
1159 3467 1195 3519 sit
1213 3483 1237 3523 e.

144 3563 213 3608 neme
236 3540 307 3615 λόγῳ
332 3541 359 3596 ol
382 3539 433 3611 μὲν
459 3539 551 3610 πάντη
582 3539 672 3610 [osen.
707 3547 739 3599 11
767 3546 797 3599 nd
815 3560 902 3598 eorum
920 3547 961 3613 qui
979 3561 1068 3602 recens
1086 3548 1117 3602 ad
1134 3552 1239 3620 religio·

142 3631 284 3692 senatuis
301 3635 382 3683 111111·
398 3628 482 3698 111111]
500 3624 674 3686 interview,
707 3647 764 3684 nem
782 3645 913 3683 secessere
931 3630 1097 3686 dubitationes
1122 3640 1148 3688 et
1164 3636 1240 3692 islass

144 3717 172 3773 ot
199 3714 231 3772 δὲ
256 3711 497 3785 ἆμφ1βᾶλλονθ11ι
535 3707 601 3764 ⁰5²2&
627 3707 674 3763 καὶ
707 3716 863 3783 suspiciones
888 3714 1040 3772 evellendas.
1081 3717 1132 3772 Sed
1161 3723 1241 3776 subus

88 3850 90 3855 .
143 3795 420 3869 contremiscente
433 3797 508 3853 ἔστιν
525 3794 675 3858 ἀνάστασις
709 3808 749 3855 est
774 3803 852 3869 prima
878 3802 999 3871 principia
1028 3803 1067 3855 bic
1096 3805 1240 3874 intelligere

145 3888 209 3960 [uon
225 3893 297 3942 recte
315 3887 439 3940 intellexit
461 3884 607 3938 scholiastes
626 3877 677 3944 sris
710 3887 916 3955 omnipotentiam
941 3886 981 3938 dei
1004 3889 1031 3938 et
1058 3889 1143 3942 mundi
1166 3904 1241 3944 eres·
1264 3918 1273 3945 t

145 3971 259 4039 τούτοις
290 3965 456 4033 &obtusus
483 3986 509 4023 ο.
529 3968 575 4038 tu]
606 3968 676 4024 εἰσιν
709 3975 803 4026 tionem
821 3972 863 4026 illc
890 3972 1000 4025 volente.
1034 3972 1092 4027 Non
1108 3975 1174 4028 enim
1192 3976 1242 4030 alls

146 4058 240 4129 [berh.
272 4057 322 4111 boc
349 4057 452 4110 verbum
479 4056 563 4110 omisit
589 4060 677 4110 eoutm
711 4057 800 4111 statuit
815 4056 938 4126 principis
955 4057 1131 4127 Athenagoras
1151 4059 1177 4112 in
1194 4060 1243 4113 hae

144 4143 230 4215 cedd]
257 4140 359 4204 cisum
392 4138 485 4210 [bech.
509 4134 611 4210 ὅσιιιι]
636 4135 678 4199 ls'
711 4143 791 4213 prims
807 4146 897 4212 parte,
913 4157 987 4212 qnam
1004 4147 1136 4213 postquam
1157 4143 1242 4198 absol·

206 2830 250 2885 23.
268 2827 415 2890 σκοποῦσι]
434 2825 496 2881 sul.
514 2817 589 2893 ἡμῖν.
613 2825 668 2877 Δο-

138 2924 180 2972 tea
215 2917 281 2969 enim
314 2910 475 3011 ἄφοροόπις
506 2911 555 2966 sol
580 2904 668 2979 ἡμεῖς.
703 2956 766 3009 con,

139 3008 204 3073 erg.
222 3005 282 3065 τοῖς
303 3013 447 3055 σιοιιοοσι.
