<?xml version="1.0" encoding="UTF-8"?>
<!DOCTYPE html PUBLIC "-//W3C//DTD XHTML 1.0 Transitional//EN"
    "http://www.w3.org/TR/xhtml1/DTD/xhtml1-transitional.dtd">
<html xmlns="http://www.w3.org/1999/xhtml" xml:lang="en" lang="en">
 <head>
  <title>
</title>
<meta http-equiv="Content-Type" content="text/html;charset=utf-8" />
  <meta name='ocr-system' content='tesseract 3.04.00' />
  <meta name='ocr-capabilities' content='ocr_page ocr_carea ocr_par ocr_line ocrx_word'/>
</head>
<body>
  <div class='ocr_page' id='page_1' title='image "./corpusapologeta01unkngoog_0230.png"; bbox 0 0 2708 4666; ppageno 0'>
   <div class='ocr_carea' id='block_1_1' title="bbox 389 210 1169 284">
    <p class='ocr_par' dir='ltr' id='par_1_1' title="bbox 389 210 1169 284">
     <span class='ocr_line' id='line_1_1' title="bbox 389 210 1169 284; baseline 0.014 -12"><span class='ocrx_word' id='word_1_1' title='bbox 389 210 540 274; x_wconf 76' lang='lat' dir='ltr'><strong>ennato</strong></span> <span class='ocrx_word' id='word_1_2' title='bbox 564 214 622 276; x_wconf 86' lang='lat' dir='ltr'><strong>Al)</strong></span> <span class='ocrx_word' id='word_1_3' title='bbox 644 213 839 278; x_wconf 79' lang='lat' dir='ltr'>GRAECOS.</span> <span class='ocrx_word' id='word_1_4' title='bbox 1108 216 1169 284; x_wconf 79' lang='lat' dir='ltr'><strong>itt</strong></span> 
     </span>
    </p>
   </div>
   <div class='ocr_carea' id='block_1_2' title="bbox 17 366 1172 1235">
    <p class='ocr_par' dir='ltr' id='par_1_2' title="bbox 17 366 1172 1235">
     <span class='ocr_line' id='line_1_2' title="bbox 138 366 1170 471; baseline 0.013 -32"><span class='ocrx_word' id='word_1_5' title='bbox 138 366 192 440; x_wconf 78' lang='grc'><strong>33.</strong></span> <span class='ocrx_word' id='word_1_6' title='bbox 224 377 391 443; x_wconf 78' lang='lat' dir='ltr'><strong>caeterum</strong></span> <span class='ocrx_word' id='word_1_7' title='bbox 421 382 575 446; x_wconf 78' lang='lat' dir='ltr'><strong>Homerus</strong></span> <span class='ocrx_word' id='word_1_8' title='bbox 613 388 656 447; x_wconf 88' lang='lat' dir='ltr'><strong>sit</strong></span> <span class='ocrx_word' id='word_1_9' title='bbox 694 404 756 447; x_wconf 93' lang='lat' dir='ltr'><strong>non</strong></span> <span class='ocrx_word' id='word_1_10' title='bbox 795 390 896 448; x_wconf 90' lang='lat' dir='ltr'><strong>iunior</strong></span> <span class='ocrx_word' id='word_1_11' title='bbox 928 388 1033 452; x_wconf 85' lang='lat' dir='ltr'><strong>Iliacis</strong></span> <span class='ocrx_word' id='word_1_12' title='bbox 1063 393 1170 471; x_wconf 85' lang='lat' dir='ltr'><strong>rebus,</strong></span> 
     </span>
     <span class='ocr_line' id='line_1_3' title="bbox 17 481 1170 575; baseline 0.012 -27"><span class='ocrx_word' id='word_1_13' title='bbox 17 482 20 487; x_wconf 72' lang='grc'><em>’</em></span> <span class='ocrx_word' id='word_1_14' title='bbox 53 489 108 549; x_wconf 85' lang='lat' dir='ltr'><strong>sed</strong></span> <span class='ocrx_word' id='word_1_15' title='bbox 131 488 198 567; x_wconf 87' lang='lat' dir='ltr'><strong>ipsi</strong></span> <span class='ocrx_word' id='word_1_16' title='bbox 217 489 306 551; x_wconf 89' lang='lat' dir='ltr'><strong>hello</strong></span> <span class='ocrx_word' id='word_1_17' title='bbox 335 493 495 570; x_wconf 85' lang='lat' dir='ltr'><strong>aequalis,</strong></span> <span class='ocrx_word' id='word_1_18' title='bbox 535 496 627 555; x_wconf 90' lang='lat' dir='ltr'><strong>immo</strong></span> <span class='ocrx_word' id='word_1_19' title='bbox 653 499 749 557; x_wconf 87' lang='lat' dir='ltr'><strong>etiam</strong></span> <span class='ocrx_word' id='word_1_20' title='bbox 772 481 835 559; x_wconf 59' lang='lat' dir='ltr'><strong>suh‘</strong></span> <span class='ocrx_word' id='word_1_21' title='bbox 855 500 1085 575; x_wconf 78' lang='lat' dir='ltr'><strong>Agamemnone</strong></span> <span class='ocrx_word' id='word_1_22' title='bbox 1110 504 1170 563; x_wconf 88' lang='lat' dir='ltr'><strong>mi-</strong></span> 
     </span>
     <span class='ocr_line' id='line_1_4' title="bbox 53 598 1171 682; baseline 0.013 -25"><span class='ocrx_word' id='word_1_23' title='bbox 53 598 176 676; x_wconf 78' lang='lat' dir='ltr'><strong>litasse,</strong></span> <span class='ocrx_word' id='word_1_24' title='bbox 203 601 254 677; x_wconf 87' lang='lat' dir='ltr'><strong>et,</strong></span> <span class='ocrx_word' id='word_1_25' title='bbox 282 601 311 660; x_wconf 91' lang='lat' dir='ltr'><strong>si</strong></span> <span class='ocrx_word' id='word_1_26' title='bbox 337 602 407 677; x_wconf 88' lang='lat' dir='ltr'><strong>quis</strong></span> <span class='ocrx_word' id='word_1_27' title='bbox 439 603 517 680; x_wconf 85' lang='lat' dir='ltr'><strong>vult,</strong></span> <span class='ocrx_word' id='word_1_28' title='bbox 551 609 625 665; x_wconf 89' lang='lat' dir='ltr'><strong>aute</strong></span> <span class='ocrx_word' id='word_1_29' title='bbox 644 607 733 682; x_wconf 89' lang='lat' dir='ltr'><strong>ipsas</strong></span> <span class='ocrx_word' id='word_1_30' title='bbox 754 609 867 668; x_wconf 79' lang='lat' dir='ltr'><strong>literas</strong></span> <span class='ocrx_word' id='word_1_31' title='bbox 892 611 1037 670; x_wconf 90' lang='lat' dir='ltr'><strong>inventas</strong></span> <span class='ocrx_word' id='word_1_32' title='bbox 1068 614 1171 672; x_wconf 85' lang='lat' dir='ltr'><strong>exsti·</strong></span> 
     </span>
     <span class='ocr_line' id='line_1_5' title="bbox 54 709 1171 795; baseline 0.012 -27"><span class='ocrx_word' id='word_1_33' title='bbox 54 709 133 769; x_wconf 83' lang='lat' dir='ltr'><strong>tirso</strong></span> <span class='ocrx_word' id='word_1_34' title='bbox 163 709 373 770; x_wconf 77' lang='lat' dir='ltr'><strong>existimetur.</strong></span> <span class='ocrx_word' id='word_1_35' title='bbox 424 710 627 789; x_wconf 81' lang='lat' dir='ltr'><strong>Perspicuum</strong></span> <span class='ocrx_word' id='word_1_36' title='bbox 650 717 731 776; x_wconf 89' lang='lat' dir='ltr'><strong>enim</strong></span> <span class='ocrx_word' id='word_1_37' title='bbox 759 719 821 777; x_wconf 92' lang='lat' dir='ltr'><strong>erit</strong></span> <span class='ocrx_word' id='word_1_38' title='bbox 843 720 1039 795; x_wconf 87' lang='lat' dir='ltr'><strong>praedictum</strong></span> <span class='ocrx_word' id='word_1_39' title='bbox 1061 721 1171 781; x_wconf 80' lang='lat' dir='ltr'><strong>Mosen</strong></span> 
     </span>
     <span class='ocr_line' id='line_1_6' title="bbox 53 817 1172 909; baseline 0.014 -33"><span class='ocrx_word' id='word_1_40' title='bbox 53 819 121 895; x_wconf 78' lang='lat' dir='ltr'><strong>ipso</strong></span> <span class='ocrx_word' id='word_1_41' title='bbox 156 817 211 878; x_wconf 84' lang='lat' dir='ltr'><strong>Ilii</strong></span> <span class='ocrx_word' id='word_1_42' title='bbox 238 821 364 880; x_wconf 85' lang='lat' dir='ltr'><strong>excidio</strong></span> <span class='ocrx_word' id='word_1_43' title='bbox 395 823 519 882; x_wconf 90' lang='lat' dir='ltr'><strong>omnino</strong></span> <span class='ocrx_word' id='word_1_44' title='bbox 553 825 760 899; x_wconf 77' lang='lat' dir='ltr'><strong>antiquiorem</strong></span> <span class='ocrx_word' id='word_1_45' title='bbox 795 826 895 887; x_wconf 84' lang='lat' dir='ltr'><strong>fuisse</strong></span> <span class='ocrx_word' id='word_1_46' title='bbox 933 830 1038 889; x_wconf 83' lang='lat' dir='ltr'><strong>multis</strong></span> <span class='ocrx_word' id='word_1_47' title='bbox 1071 832 1172 909; x_wconf 85' lang='lat' dir='ltr'><strong>annis,</strong></span> 
     </span>
     <span class='ocr_line' id='line_1_7' title="bbox 54 922 1170 1007; baseline 0.01 -19"><span class='ocrx_word' id='word_1_48' title='bbox 54 922 104 989; x_wconf 84' lang='lat' dir='ltr'><strong>nei</strong></span> <span class='ocrx_word' id='word_1_49' title='bbox 128 930 240 1007; x_wconf 79' lang='lat' dir='ltr'><strong>potius</strong></span> <span class='ocrx_word' id='word_1_50' title='bbox 259 929 310 989; x_wconf 87' lang='lat' dir='ltr'><strong>liii</strong></span> <span class='ocrx_word' id='word_1_51' title='bbox 339 933 602 992; x_wconf 78' lang='lat' dir='ltr'><strong>constructionem</strong></span> <span class='ocrx_word' id='word_1_52' title='bbox 630 937 662 993; x_wconf 90' lang='lat' dir='ltr'><strong>et</strong></span> <span class='ocrx_word' id='word_1_53' title='bbox 692 935 782 995; x_wconf 82' lang='lat' dir='ltr'><strong>Trois</strong></span> <span class='ocrx_word' id='word_1_54' title='bbox 806 952 843 996; x_wconf 90' lang='lat' dir='ltr'><strong>ac</strong></span> <span class='ocrx_word' id='word_1_55' title='bbox 865 936 1006 998; x_wconf 83' lang='lat' dir='ltr'><strong>Dardani</strong></span> <span class='ocrx_word' id='word_1_56' title='bbox 1034 942 1170 1000; x_wconf 88' lang='lat' dir='ltr'><strong>aetatem</strong></span> 
     </span>
     <span class='ocr_line' id='line_1_8' title="bbox 54 1038 1171 1110; baseline 0.01 -11"><span class='ocrx_word' id='word_1_57' title='bbox 54 1039 255 1099; x_wconf 75' lang='lat' dir='ltr'><strong>antecedere.</strong></span> <span class='ocrx_word' id='word_1_58' title='bbox 313 1038 408 1100; x_wconf 78' lang='lat' dir='ltr'><strong>Cuius</strong></span> <span class='ocrx_word' id='word_1_59' title='bbox 432 1043 480 1101; x_wconf 90' lang='lat' dir='ltr'><strong>rei</strong></span> <span class='ocrx_word' id='word_1_60' title='bbox 506 1043 768 1104; x_wconf 87' lang='lat' dir='ltr'><strong>demonstrandae</strong></span> <span class='ocrx_word' id='word_1_61' title='bbox 795 1063 889 1106; x_wconf 86' lang='lat' dir='ltr'><strong>causa</strong></span> <span class='ocrx_word' id='word_1_62' title='bbox 926 1049 1063 1108; x_wconf 88' lang='lat' dir='ltr'><strong>testibus</strong></span> <span class='ocrx_word' id='word_1_63' title='bbox 1099 1051 1171 1110; x_wconf 87' lang='lat' dir='ltr'><strong>utar</strong></span> 
     </span>
     <span class='ocr_line' id='line_1_9' title="bbox 55 1136 1171 1235; baseline 0.012 -27"><span class='ocrx_word' id='word_1_64' title='bbox 55 1136 244 1226; x_wconf 71' lang='lat' dir='ltr'><strong>Chaldaeis,</strong></span> <span class='ocrx_word' id='word_1_65' title='bbox 266 1147 495 1229; x_wconf 86' lang='lat' dir='ltr'><strong>Phoenicibus,</strong></span> <span class='ocrx_word' id='word_1_66' title='bbox 533 1152 714 1230; x_wconf 85' lang='lat' dir='ltr'><strong>Aegyptiis.</strong></span> <span class='ocrx_word' id='word_1_67' title='bbox 765 1153 806 1214; x_wconf 83' lang='lat' dir='ltr'><strong>Et</strong></span> <span class='ocrx_word' id='word_1_68' title='bbox 828 1157 902 1231; x_wconf 89' lang='lat' dir='ltr'><strong>quid</strong></span> <span class='ocrx_word' id='word_1_69' title='bbox 923 1159 1017 1235; x_wconf 85' lang='lat' dir='ltr'><strong>plura</strong></span> <span class='ocrx_word' id='word_1_70' title='bbox 1044 1160 1171 1220; x_wconf 62' lang='lat' dir='ltr'><strong>dicam?</strong></span> 
     </span>
    </p>
   </div>
   <div class='ocr_carea' id='block_1_3' title="bbox 55 1257 1171 1446">
    <p class='ocr_par' dir='ltr' id='par_1_3' title="bbox 55 1257 1171 1446">
     <span class='ocr_line' id='line_1_10' title="bbox 55 1257 1171 1346; baseline 0.013 -30"><span class='ocrx_word' id='word_1_71' title='bbox 55 1257 192 1337; x_wconf 71' lang='lat' dir='ltr'><strong>Oportet</strong></span> <span class='ocrx_word' id='word_1_72' title='bbox 231 1258 312 1318; x_wconf 85' lang='lat' dir='ltr'><strong>euim</strong></span> <span class='ocrx_word' id='word_1_73' title='bbox 333 1263 388 1346; x_wconf 69' lang='lat' dir='ltr'><strong>⁸ut</strong></span> <span class='ocrx_word' id='word_1_74' title='bbox 421 1262 474 1336; x_wconf 89' lang='lat' dir='ltr'><strong>qui</strong></span> <span class='ocrx_word' id='word_1_75' title='bbox 506 1263 720 1338; x_wconf 84' lang='lat' dir='ltr'><strong>persuadendi</strong></span> <span class='ocrx_word' id='word_1_76' title='bbox 753 1279 881 1340; x_wconf 85' lang='lat' dir='ltr'><strong>operam</strong></span> <span class='ocrx_word' id='word_1_77' title='bbox 911 1269 1080 1344; x_wconf 81' lang='lat' dir='ltr'><strong>profitetur</strong></span> <span class='ocrx_word' id='word_1_78' title='bbox 1116 1286 1171 1331; x_wconf 84' lang='lat' dir='ltr'><strong>reo</strong></span> 
     </span>
     <span class='ocr_line' id='line_1_11' title="bbox 56 1370 1171 1446; baseline 0.011 -17"><span class='ocrx_word' id='word_1_79' title='bbox 56 1384 197 1446; x_wconf 77' lang='lat' dir='ltr'><strong>qusque</strong></span> <span class='ocrx_word' id='word_1_80' title='bbox 219 1370 418 1430; x_wconf 87' lang='lat' dir='ltr'><strong>audientibus</strong></span> <span class='ocrx_word' id='word_1_81' title='bbox 441 1388 533 1446; x_wconf 88' lang='lat' dir='ltr'><strong>quam</strong></span> <span class='ocrx_word' id='word_1_82' title='bbox 561 1372 748 1433; x_wconf 87' lang='lat' dir='ltr'><strong>brevissime</strong></span> <span class='ocrx_word' id='word_1_83' title='bbox 770 1381 907 1434; x_wconf 89' lang='lat' dir='ltr'><strong>enarret.</strong></span> <span class='ocrx_word' id='word_1_84' title='bbox 957 1377 1097 1440; x_wconf 89' lang='lat' dir='ltr'><strong>Berosus</strong></span> <span class='ocrx_word' id='word_1_85' title='bbox 1121 1382 1171 1440; x_wconf 90' lang='lat' dir='ltr'><strong>vir</strong></span> 
     </span>
    </p>
   </div>
   <div class='ocr_carea' id='block_1_4' title="bbox 56 1627 1171 1963">
    <p class='ocr_par' dir='ltr' id='par_1_4' title="bbox 56 1627 1171 1963">
     <span class='ocr_line' id='line_1_12' title="bbox 56 1627 1170 1700; baseline 0.01 -19"><span class='ocrx_word' id='word_1_86' title='bbox 56 1627 115 1683; x_wconf 84' lang='lat' dir='ltr'><strong>Par.</strong></span> <span class='ocrx_word' id='word_1_87' title='bbox 130 1629 149 1683; x_wconf 86' lang='grc'>3</span> <span class='ocrx_word' id='word_1_88' title='bbox 167 1635 195 1684; x_wconf 86' lang='lat' dir='ltr'><strong>et</strong></span> <span class='ocrx_word' id='word_1_89' title='bbox 219 1631 303 1685; x_wconf 81' lang='lat' dir='ltr'><strong>oxon.</strong></span> <span class='ocrx_word' id='word_1_90' title='bbox 329 1633 594 1700; x_wconf 69' lang='grc' dir='ltr'><strong>συνεστρατεῦσθαι.</strong></span> <span class='ocrx_word' id='word_1_91' title='bbox 630 1632 737 1686; x_wconf 87' lang='lat' dir='ltr'><strong>Richter</strong></span> <span class='ocrx_word' id='word_1_92' title='bbox 754 1633 792 1686; x_wconf 86' lang='lat' dir='ltr'><strong>De</strong></span> <span class='ocrx_word' id='word_1_93' title='bbox 810 1634 908 1688; x_wconf 80' lang='lat' dir='ltr'><strong>Beroen</strong></span> <span class='ocrx_word' id='word_1_94' title='bbox 927 1635 1112 1690; x_wconf 79' lang='lat' dir='ltr'><strong>chaldaeorum</strong></span> <span class='ocrx_word' id='word_1_95' title='bbox 1129 1639 1170 1692; x_wconf 90' lang='lat' dir='ltr'><strong>hi·</strong></span> 
     </span>
     <span class='ocr_line' id='line_1_13' title="bbox 56 1714 1170 1784; baseline 0.007 -16"><span class='ocrx_word' id='word_1_96' title='bbox 56 1740 89 1755; x_wconf 89' lang='lat'><strong>-·</strong></span> <span class='ocrx_word' id='word_1_97' title='bbox 112 1714 167 1769; x_wconf 75' lang='lat' dir='ltr'><strong>Pro</strong></span> <span class='ocrx_word' id='word_1_98' title='bbox 189 1715 237 1770; x_wconf 72' lang='lat' dir='ltr'><strong>sot</strong></span> <span class='ocrx_word' id='word_1_99' title='bbox 263 1715 292 1770; x_wconf 82' lang='grc' dir='ltr'><strong>εί</strong></span> <span class='ocrx_word' id='word_1_100' title='bbox 322 1715 455 1784; x_wconf 73' lang='grc' dir='ltr'><strong><em>βούλεταί</em></strong></span> <span class='ocrx_word' id='word_1_101' title='bbox 479 1736 521 1781; x_wconf 72' lang='grc' dir='ltr'><strong>τις</strong></span> <span class='ocrx_word' id='word_1_102' title='bbox 545 1722 595 1772; x_wconf 88' lang='lat' dir='ltr'><strong>etc.</strong></span> <span class='ocrx_word' id='word_1_103' title='bbox 630 1719 724 1770; x_wconf 83' lang='lat' dir='ltr'><strong>stortae</strong></span> <span class='ocrx_word' id='word_1_104' title='bbox 748 1723 774 1772; x_wconf 89' lang='lat' dir='ltr'><strong>et</strong></span> <span class='ocrx_word' id='word_1_105' title='bbox 803 1722 973 1774; x_wconf 87' lang='lat' dir='ltr'><strong>astronomiae</strong></span> <span class='ocrx_word' id='word_1_106' title='bbox 996 1723 1078 1775; x_wconf 83' lang='lat' dir='ltr'><strong>veteri</strong></span> <span class='ocrx_word' id='word_1_107' title='bbox 1105 1725 1170 1776; x_wconf 89' lang='lat' dir='ltr'><strong>scri-</strong></span> 
     </span>
     <span class='ocr_line' id='line_1_14' title="bbox 58 1793 1170 1875; baseline 0.006 -21"><span class='ocrx_word' id='word_1_108' title='bbox 58 1800 212 1869; x_wconf 59' lang='lat' dir='ltr'><strong>tangit:</strong></span> <span class='ocrx_word' id='word_1_109' title='bbox 230 1793 433 1872; x_wconf 71' lang='grc' dir='ltr'><strong><em>ιιᾶνβοιίίηεαί</em></strong></span> <span class='ocrx_word' id='word_1_110' title='bbox 448 1805 594 1871; x_wconf 81' lang='lat' dir='ltr'><strong>(EnsPar.</strong></span> <span class='ocrx_word' id='word_1_111' title='bbox 630 1807 705 1872; x_wconf 84' lang='lat' dir='ltr'><strong>ptore</strong></span> <span class='ocrx_word' id='word_1_112' title='bbox 724 1805 809 1874; x_wconf 84' lang='lat' dir='ltr'><strong>(Lips.</strong></span> <span class='ocrx_word' id='word_1_113' title='bbox 832 1805 914 1875; x_wconf 83' lang='grc'>1825)</span> <span class='ocrx_word' id='word_1_114' title='bbox 933 1822 959 1874; x_wconf 86' lang='grc' dir='ltr'><strong>ρ.</strong></span> <span class='ocrx_word' id='word_1_115' title='bbox 978 1806 1003 1859; x_wconf 96' lang='grc'>1.</span> <span class='ocrx_word' id='word_1_116' title='bbox 1022 1834 1055 1846; x_wconf 87' lang='grc'>-</span> <span class='ocrx_word' id='word_1_117' title='bbox 1084 1808 1170 1862; x_wconf 80' lang='lat' dir='ltr'><strong>Euse-</strong></span> 
     </span>
     <span class='ocr_line' id='line_1_15' title="bbox 60 1885 1171 1963; baseline 0.007 -24"><span class='ocrx_word' id='word_1_118' title='bbox 60 1885 75 1938; x_wconf 90' lang='grc'>1</span> <span class='ocrx_word' id='word_1_119' title='bbox 99 1890 126 1940; x_wconf 78' lang='lat' dir='ltr'><strong>at</strong></span> <span class='ocrx_word' id='word_1_120' title='bbox 154 1887 228 1943; x_wconf 72' lang='lat' dir='ltr'><strong>Phor.</strong></span> <span class='ocrx_word' id='word_1_121' title='bbox 252 1890 267 1942; x_wconf 91' lang='lat'>1</span> <span class='ocrx_word' id='word_1_122' title='bbox 301 1885 449 1959; x_wconf 71' lang='grc' dir='ltr'><strong><em>βούλεται)</em></strong></span> <span class='ocrx_word' id='word_1_123' title='bbox 482 1910 524 1953; x_wconf 78' lang='grc' dir='ltr'><strong>τις</strong></span> <span class='ocrx_word' id='word_1_124' title='bbox 547 1894 596 1946; x_wconf 78' lang='lat' dir='ltr'><strong>sot</strong></span> <span class='ocrx_word' id='word_1_125' title='bbox 630 1889 687 1942; x_wconf 82' lang='lat' dir='ltr'><strong>tius</strong></span> <span class='ocrx_word' id='word_1_126' title='bbox 712 1904 760 1960; x_wconf 85' lang='lat' dir='ltr'><strong>pro</strong></span> <span class='ocrx_word' id='word_1_127' title='bbox 788 1887 849 1944; x_wconf 80' lang='grc' dir='ltr'><strong>κατ’</strong></span> <span class='ocrx_word' id='word_1_128' title='bbox 873 1886 922 1944; x_wconf 64' lang='lat' dir='ltr'><strong>tet.</strong></span> <span class='ocrx_word' id='word_1_129' title='bbox 956 1891 1076 1960; x_wconf 68' lang='grc' dir='ltr'><strong><em>γεγονώς</em></strong></span> <span class='ocrx_word' id='word_1_130' title='bbox 1106 1892 1171 1963; x_wconf 78' lang='lat' dir='ltr'><strong>(oui</strong></span> 
     </span>
    </p>
   </div>
   <div class='ocr_carea' id='block_1_5' title="bbox 59 1969 1171 2132">
    <p class='ocr_par' dir='ltr' id='par_1_5' title="bbox 59 1969 1171 2132">
     <span class='ocr_line' id='line_1_16' title="bbox 59 1969 1171 2047; baseline 0.01 -22"><span class='ocrx_word' id='word_1_131' title='bbox 59 1969 205 2036; x_wconf 75' lang='grc' dir='ltr'><strong><em>νρ1ννόν</em></strong></span> <span class='ocrx_word' id='word_1_132' title='bbox 230 1975 375 2043; x_wconf 70' lang='grc' dir='ltr'><strong>στοιχείων</strong></span> <span class='ocrx_word' id='word_1_133' title='bbox 404 1973 457 2045; x_wconf 73' lang='grc' dir='ltr'><strong>τήν</strong></span> <span class='ocrx_word' id='word_1_134' title='bbox 482 1972 596 2046; x_wconf 79' lang='grc' dir='ltr'><strong><em>εἱίρησιο</em></strong></span> <span class='ocrx_word' id='word_1_135' title='bbox 629 1975 701 2043; x_wconf 76' lang='lat' dir='ltr'><strong>suit:</strong></span> <span class='ocrx_word' id='word_1_136' title='bbox 720 1977 751 2029; x_wconf 73' lang='grc' dir='ltr'><strong>σί.</strong></span> <span class='ocrx_word' id='word_1_137' title='bbox 769 1992 790 2028; x_wconf 87' lang='lat' dir='ltr'><strong>c.</strong></span> <span class='ocrx_word' id='word_1_138' title='bbox 809 1977 841 2030; x_wconf 87' lang='grc'><strong>31</strong></span> <span class='ocrx_word' id='word_1_139' title='bbox 861 1974 934 2030; x_wconf 73' lang='grc' dir='ltr'><strong>κατὰ</strong></span> <span class='ocrx_word' id='word_1_140' title='bbox 957 1979 1049 2047; x_wconf 69' lang='lat' dir='ltr'><strong>Ksed·</strong></span> <span class='ocrx_word' id='word_1_141' title='bbox 1074 1996 1171 2045; x_wconf 80' lang='grc' dir='ltr'><strong><em>γεγο-</em></strong></span> 
     </span>
     <span class='ocr_line' id='line_1_17' title="bbox 59 2055 1170 2132; baseline 0.006 -21"><span class='ocrx_word' id='word_1_142' title='bbox 59 2055 207 2126; x_wconf 64' lang='lat' dir='ltr'><strong>nubes.</strong></span> <span class='ocrx_word' id='word_1_143' title='bbox 631 2057 711 2127; x_wconf 73' lang='lat' dir='ltr'><strong>anic,</strong></span> <span class='ocrx_word' id='word_1_144' title='bbox 735 2077 758 2114; x_wconf 92' lang='lat' dir='ltr'><strong>c.</strong></span> <span class='ocrx_word' id='word_1_145' title='bbox 776 2059 809 2115; x_wconf 87' lang='grc'><strong>39</strong></span> <span class='ocrx_word' id='word_1_146' title='bbox 841 2061 914 2116; x_wconf 80' lang='lat' dir='ltr'><strong>socci</strong></span> <span class='ocrx_word' id='word_1_147' title='bbox 936 2056 1049 2130; x_wconf 75' lang='grc' dir='ltr'><strong><em>Ἴναχον</em></strong></span> <span class='ocrx_word' id='word_1_148' title='bbox 1071 2081 1170 2132; x_wconf 79' lang='grc' dir='ltr'><strong><em>γεγο-</em></strong></span> 
     </span>
    </p>
   </div>
   <div class='ocr_carea' id='block_1_6' title="bbox 123 2140 1259 2218">
    <p class='ocr_par' dir='ltr' id='par_1_6' title="bbox 123 2140 1259 2218">
     <span class='ocr_line' id='line_1_18' title="bbox 123 2140 1259 2218; baseline 0.003 -19"><span class='ocrx_word' id='word_1_149' title='bbox 123 2141 326 2215; x_wconf 57' lang='lat' dir='ltr'><strong>&amp;Morcus</strong></span> <span class='ocrx_word' id='word_1_150' title='bbox 354 2143 408 2216; x_wconf 71' lang='grc' dir='ltr'><strong>γὰρ</strong></span> <span class='ocrx_word' id='word_1_151' title='bbox 434 2148 494 2218; x_wconf 81' lang='lat' dir='ltr'><strong>etc]</strong></span> <span class='ocrx_word' id='word_1_152' title='bbox 515 2149 554 2201; x_wconf 82' lang='lat' dir='ltr'><strong>ct.</strong></span> <span class='ocrx_word' id='word_1_153' title='bbox 574 2164 595 2201; x_wconf 93' lang='lat' dir='ltr'><strong>c.</strong></span> <span class='ocrx_word' id='word_1_154' title='bbox 631 2140 716 2214; x_wconf 80' lang='grc' dir='ltr'><strong>νοοί)</strong></span> <span class='ocrx_word' id='word_1_155' title='bbox 734 2147 811 2199; x_wconf 86' lang='lat' dir='ltr'><strong>hahet</strong></span> <span class='ocrx_word' id='word_1_156' title='bbox 828 2147 915 2200; x_wconf 85' lang='lat' dir='ltr'><strong>eedem</strong></span> <span class='ocrx_word' id='word_1_157' title='bbox 934 2165 1013 2201; x_wconf 88' lang='lat' dir='ltr'><strong>sensu</strong></span> <span class='ocrx_word' id='word_1_158' title='bbox 1034 2147 1106 2202; x_wconf 76' lang='grc' dir='ltr'><strong>κατὰ</strong></span> <span class='ocrx_word' id='word_1_159' title='bbox 1120 2145 1169 2202; x_wconf 70' lang='lat' dir='ltr'><strong>&#39;Aa</strong></span> <span class='ocrx_word' id='word_1_160' title='bbox 1257 2206 1259 2210; x_wconf 60' lang='grc'>,</span> 
     </span>
    </p>
   </div>
   <div class='ocr_carea' id='block_1_7' title="bbox 10 2225 1174 4180">
    <p class='ocr_par' dir='ltr' id='par_1_7' title="bbox 10 2225 1172 3070">
     <span class='ocr_line' id='line_1_19' title="bbox 61 2225 1169 2303; baseline 0.004 -20"><span class='ocrx_word' id='word_1_161' title='bbox 61 2227 148 2285; x_wconf 66' lang='grc'>111.</span> <span class='ocrx_word' id='word_1_162' title='bbox 173 2231 200 2286; x_wconf 76' lang='grc'><strong>6.</strong></span> <span class='ocrx_word' id='word_1_163' title='bbox 217 2260 253 2271; x_wconf 93' lang='grc'><strong>-</strong></span> <span class='ocrx_word' id='word_1_164' title='bbox 308 2233 385 2303; x_wconf 85' lang='lat' dir='ltr'><strong>Apud</strong></span> <span class='ocrx_word' id='word_1_165' title='bbox 410 2234 517 2287; x_wconf 83' lang='lat' dir='ltr'><strong>Heroid.</strong></span> <span class='ocrx_word' id='word_1_166' title='bbox 543 2235 596 2303; x_wconf 71' lang='grc' dir='ltr'><strong>τῆς</strong></span> <span class='ocrx_word' id='word_1_167' title='bbox 629 2225 789 2299; x_wconf 83' lang='grc' dir='ltr'><strong><em>γενόμενος.</em></strong></span> <span class='ocrx_word' id='word_1_168' title='bbox 832 2233 895 2286; x_wconf 87' lang='lat' dir='ltr'><strong>Tum</strong></span> <span class='ocrx_word' id='word_1_169' title='bbox 925 2247 987 2285; x_wconf 85' lang='lat' dir='ltr'><strong>vero</strong></span> <span class='ocrx_word' id='word_1_170' title='bbox 1011 2235 1088 2286; x_wconf 82' lang='lat' dir='ltr'><strong>verba</strong></span> <span class='ocrx_word' id='word_1_171' title='bbox 1113 2228 1169 2288; x_wconf 79' lang='lat' dir='ltr'><strong>’Ao-</strong></span> 
     </span>
     <span class='ocr_line' id='line_1_20' title="bbox 63 2310 1170 2388; baseline 0.005 -19"><span class='ocrx_word' id='word_1_172' title='bbox 63 2310 256 2386; x_wconf 75' lang='grc' dir='ltr'><strong><em>ιοίοήεοοιῆο</em></strong></span> <span class='ocrx_word' id='word_1_173' title='bbox 285 2320 313 2371; x_wconf 86' lang='lat' dir='ltr'><strong>et</strong></span> <span class='ocrx_word' id='word_1_174' title='bbox 336 2320 403 2388; x_wconf 78' lang='lat' dir='ltr'><strong>apud</strong></span> <span class='ocrx_word' id='word_1_175' title='bbox 428 2320 523 2373; x_wconf 86' lang='lat' dir='ltr'><strong>Euseh.</strong></span> <span class='ocrx_word' id='word_1_176' title='bbox 547 2338 594 2388; x_wconf 89' lang='grc' dir='ltr'><strong>γε·</strong></span> <span class='ocrx_word' id='word_1_177' title='bbox 628 2314 715 2388; x_wconf 82' lang='grc' dir='ltr'><strong><em>τιόχφ</em></strong></span> <span class='ocrx_word' id='word_1_178' title='bbox 733 2317 771 2386; x_wconf 80' lang='grc' dir='ltr'><strong>τῷ</strong></span> <span class='ocrx_word' id='word_1_179' title='bbox 790 2313 861 2382; x_wconf 78' lang='grc' dir='ltr'><strong>μετ’</strong></span> <span class='ocrx_word' id='word_1_180' title='bbox 881 2311 995 2371; x_wconf 70' lang='grc' dir='ltr'><strong><em>αὐτόν</em></strong></span> <span class='ocrx_word' id='word_1_181' title='bbox 1013 2320 1052 2388; x_wconf 86' lang='lat' dir='ltr'><strong>(h.</strong></span> <span class='ocrx_word' id='word_1_182' title='bbox 1072 2320 1170 2374; x_wconf 76' lang='lat' dir='ltr'><strong>ehie-</strong></span> 
     </span>
     <span class='ocr_line' id='line_1_21' title="bbox 10 2397 1171 2475; baseline 0.002 -19"><span class='ocrx_word' id='word_1_183' title='bbox 10 2418 12 2423; x_wconf 90' lang='lat'>·</span> <span class='ocrx_word' id='word_1_184' title='bbox 64 2397 145 2467; x_wconf 73' lang='grc' dir='ltr'><strong><em>νοννίσ</em></strong></span> <span class='ocrx_word' id='word_1_185' title='bbox 160 2407 222 2472; x_wconf 73' lang='lat' dir='ltr'><strong>post</strong></span> <span class='ocrx_word' id='word_1_186' title='bbox 237 2406 350 2465; x_wconf 70' lang='grc' dir='ltr'><strong><em>πολλοῖς</em></strong></span> <span class='ocrx_word' id='word_1_187' title='bbox 370 2401 442 2459; x_wconf 75' lang='grc' dir='ltr'><strong><em>ἔτεσι</em></strong></span> <span class='ocrx_word' id='word_1_188' title='bbox 456 2405 559 2459; x_wconf 77' lang='lat' dir='ltr'><strong>excidit.</strong></span> <span class='ocrx_word' id='word_1_189' title='bbox 629 2402 752 2455; x_wconf 84' lang='lat' dir='ltr'><strong>xandrum</strong></span> <span class='ocrx_word' id='word_1_190' title='bbox 770 2404 905 2469; x_wconf 78' lang='lat' dir='ltr'><strong>Magnum)</strong></span> <span class='ocrx_word' id='word_1_191' title='bbox 924 2404 1017 2473; x_wconf 74' lang='grc' dir='ltr'><strong><em>τρίτῳ,</em></strong></span> <span class='ocrx_word' id='word_1_192' title='bbox 1041 2406 1171 2475; x_wconf 78' lang='lat' dir='ltr'><strong>interpre-</strong></span> 
     </span>
     <span class='ocr_line' id='line_1_22' title="bbox 10 2486 1171 2561; baseline 0.002 -19"><span class='ocrx_word' id='word_1_193' title='bbox 10 2498 12 2529; x_wconf 79' lang='grc' dir='ltr'><strong><em>ῑ</em></strong></span> <span class='ocrx_word' id='word_1_194' title='bbox 124 2486 150 2542; x_wconf 73' lang='lat' dir='ltr'><strong>d.</strong></span> <span class='ocrx_word' id='word_1_195' title='bbox 168 2486 212 2559; x_wconf 82' lang='lat' dir='ltr'><strong>et]</strong></span> <span class='ocrx_word' id='word_1_196' title='bbox 245 2488 318 2543; x_wconf 78' lang='lat' dir='ltr'><strong>Hanc</strong></span> <span class='ocrx_word' id='word_1_197' title='bbox 349 2491 480 2556; x_wconf 84' lang='lat' dir='ltr'><strong>voculam,</strong></span> <span class='ocrx_word' id='word_1_198' title='bbox 518 2508 594 2561; x_wconf 89' lang='lat' dir='ltr'><strong>quum</strong></span> <span class='ocrx_word' id='word_1_199' title='bbox 631 2488 664 2540; x_wconf 81' lang='lat' dir='ltr'><strong>tis</strong></span> <span class='ocrx_word' id='word_1_200' title='bbox 683 2489 725 2540; x_wconf 83' lang='lat' dir='ltr'><strong>vel</strong></span> <span class='ocrx_word' id='word_1_201' title='bbox 743 2487 913 2543; x_wconf 88' lang='lat' dir='ltr'><strong>emendatoris</strong></span> <span class='ocrx_word' id='word_1_202' title='bbox 935 2503 1070 2559; x_wconf 85' lang='lat' dir='ltr'><strong>personam</strong></span> <span class='ocrx_word' id='word_1_203' title='bbox 1088 2493 1171 2545; x_wconf 88' lang='lat' dir='ltr'><strong>susci·</strong></span> 
     </span>
     <span class='ocr_line' id='line_1_23' title="bbox 10 2554 1170 2647; baseline 0.003 -21"><span class='ocrx_word' id='word_1_204' title='bbox 10 2554 15 2623; x_wconf 75' lang='grc' dir='ltr'><em>ἷ</em></span> <span class='ocrx_word' id='word_1_205' title='bbox 66 2571 191 2628; x_wconf 72' lang='lat' dir='ltr'><strong>amun·</strong></span> <span class='ocrx_word' id='word_1_206' title='bbox 213 2573 285 2629; x_wconf 85' lang='lat' dir='ltr'><strong>codd.</strong></span> <span class='ocrx_word' id='word_1_207' title='bbox 304 2575 520 2645; x_wconf 66' lang='lat' dir='ltr'><strong>notescitis,</strong></span> <span class='ocrx_word' id='word_1_208' title='bbox 539 2579 595 2630; x_wconf 84' lang='lat' dir='ltr'><strong>hic-</strong></span> <span class='ocrx_word' id='word_1_209' title='bbox 630 2574 713 2641; x_wconf 84' lang='lat' dir='ltr'><strong>piens,</strong></span> <span class='ocrx_word' id='word_1_210' title='bbox 732 2575 836 2627; x_wconf 80' lang='lat' dir='ltr'><strong>mutarit</strong></span> <span class='ocrx_word' id='word_1_211' title='bbox 855 2576 882 2627; x_wconf 91' lang='lat' dir='ltr'><strong>in</strong></span> <span class='ocrx_word' id='word_1_212' title='bbox 905 2569 1032 2646; x_wconf 74' lang='grc' dir='ltr'><strong><em>Ἀντιόχῳ</em></strong></span> <span class='ocrx_word' id='word_1_213' title='bbox 1050 2576 1089 2647; x_wconf 78' lang='grc' dir='ltr'><strong>τῷ</strong></span> <span class='ocrx_word' id='word_1_214' title='bbox 1113 2595 1170 2643; x_wconf 85' lang='grc' dir='ltr'><strong>μν-</strong></span> 
     </span>
     <span class='ocr_line' id='line_1_24' title="bbox 66 2655 1171 2733; baseline 0.003 -21"><span class='ocrx_word' id='word_1_215' title='bbox 66 2657 326 2714; x_wconf 80' lang='lat' dir='ltr'><strong>murdesurositeu</strong></span> <span class='ocrx_word' id='word_1_216' title='bbox 344 2661 465 2729; x_wconf 82' lang='lat' dir='ltr'><strong>Eusebio,</strong></span> <span class='ocrx_word' id='word_1_217' title='bbox 494 2664 536 2730; x_wconf 85' lang='lat' dir='ltr'><strong>qui</strong></span> <span class='ocrx_word' id='word_1_218' title='bbox 559 2664 596 2716; x_wconf 85' lang='lat' dir='ltr'><strong>sic</strong></span> <span class='ocrx_word' id='word_1_219' title='bbox 631 2655 675 2711; x_wconf 78' lang='grc' dir='ltr'><strong>τοὶ</strong></span> <span class='ocrx_word' id='word_1_220' title='bbox 699 2655 885 2714; x_wconf 65' lang='lat' dir='ltr'><strong>atacem</strong></span> <span class='ocrx_word' id='word_1_221' title='bbox 911 2661 1005 2733; x_wconf 77' lang='grc' dir='ltr'><strong><em>τρίτῳ.</em></strong></span> <span class='ocrx_word' id='word_1_222' title='bbox 1052 2661 1119 2728; x_wconf 85' lang='lat' dir='ltr'><strong>Sed,</strong></span> <span class='ocrx_word' id='word_1_223' title='bbox 1144 2662 1171 2716; x_wconf 89' lang='lat' dir='ltr'><strong>td</strong></span> 
     </span>
     <span class='ocr_line' id='line_1_25' title="bbox 68 2741 1171 2816; baseline 0.004 -19"><span class='ocrx_word' id='word_1_224' title='bbox 68 2741 147 2797; x_wconf 69' lang='lat' dir='ltr'><strong>tatem</strong></span> <span class='ocrx_word' id='word_1_225' title='bbox 164 2744 216 2814; x_wconf 67' lang='grc' dir='ltr'><strong>τῆς</strong></span> <span class='ocrx_word' id='word_1_226' title='bbox 228 2742 258 2800; x_wconf 73' lang='grc' dir='ltr'><strong>δὲ</strong></span> <span class='ocrx_word' id='word_1_227' title='bbox 269 2747 417 2815; x_wconf 74' lang='grc' dir='ltr'><strong><em>γεγονυίας</em></strong></span> <span class='ocrx_word' id='word_1_228' title='bbox 431 2743 521 2801; x_wconf 73' lang='grc' dir='ltr'><strong><em>Ἰλίου.</em></strong></span> <span class='ocrx_word' id='word_1_229' title='bbox 540 2748 595 2800; x_wconf 79' lang='lat' dir='ltr'><strong>tte-</strong></span> <span class='ocrx_word' id='word_1_230' title='bbox 631 2744 697 2813; x_wconf 84' lang='lat' dir='ltr'><strong>quod</strong></span> <span class='ocrx_word' id='word_1_231' title='bbox 715 2745 785 2799; x_wconf 84' lang='lat' dir='ltr'><strong>viros</strong></span> <span class='ocrx_word' id='word_1_232' title='bbox 803 2744 891 2801; x_wconf 85' lang='lat' dir='ltr'><strong>doctos</strong></span> <span class='ocrx_word' id='word_1_233' title='bbox 904 2747 975 2801; x_wconf 78' lang='lat' dir='ltr'><strong>valde</strong></span> <span class='ocrx_word' id='word_1_234' title='bbox 990 2749 1100 2814; x_wconf 79' lang='lat' dir='ltr'><strong>vexavit,</strong></span> <span class='ocrx_word' id='word_1_235' title='bbox 1114 2749 1171 2816; x_wconf 88' lang='lat' dir='ltr'><strong>qui-</strong></span> 
     </span>
     <span class='ocr_line' id='line_1_26' title="bbox 67 2827 1172 2901; baseline 0.002 -18"><span class='ocrx_word' id='word_1_236' title='bbox 67 2828 122 2882; x_wconf 78' lang='lat' dir='ltr'><strong>trld</strong></span> <span class='ocrx_word' id='word_1_237' title='bbox 148 2827 270 2900; x_wconf 68' lang='lat' dir='ltr'><strong>scriotor</strong></span> <span class='ocrx_word' id='word_1_238' title='bbox 292 2846 340 2901; x_wconf 81' lang='lat' dir='ltr'><strong>pro</strong></span> <span class='ocrx_word' id='word_1_239' title='bbox 366 2832 489 2895; x_wconf 72' lang='grc' dir='ltr'><strong><em>κτίσεως.</em></strong></span> <span class='ocrx_word' id='word_1_240' title='bbox 534 2835 596 2886; x_wconf 80' lang='lat' dir='ltr'><strong>Mox</strong></span> <span class='ocrx_word' id='word_1_241' title='bbox 631 2845 688 2883; x_wconf 86' lang='lat' dir='ltr'><strong>uam</strong></span> <span class='ocrx_word' id='word_1_242' title='bbox 707 2835 748 2883; x_wconf 90' lang='lat' dir='ltr'><strong>est</strong></span> <span class='ocrx_word' id='word_1_243' title='bbox 764 2831 808 2884; x_wconf 86' lang='lat' dir='ltr'><strong>ille</strong></span> <span class='ocrx_word' id='word_1_244' title='bbox 832 2831 991 2900; x_wconf 77' lang='lat' dir='ltr'><strong>Antiochus,</strong></span> <span class='ocrx_word' id='word_1_245' title='bbox 1023 2834 1063 2885; x_wconf 89' lang='lat' dir='ltr'><strong>eui</strong></span> <span class='ocrx_word' id='word_1_246' title='bbox 1087 2833 1172 2886; x_wconf 84' lang='lat' dir='ltr'><strong>Bero-</strong></span> 
     </span>
     <span class='ocr_line' id='line_1_27' title="bbox 68 2909 1171 2989; baseline 0.004 -23"><span class='ocrx_word' id='word_1_247' title='bbox 68 2909 189 2970; x_wconf 73' lang='lat' dir='ltr'><strong>1us.Par.</strong></span> <span class='ocrx_word' id='word_1_248' title='bbox 206 2917 225 2970; x_wconf 97' lang='grc'><strong>2</strong></span> <span class='ocrx_word' id='word_1_249' title='bbox 241 2913 398 2986; x_wconf 74' lang='grc' dir='ltr'><strong><em>Πανδάρου</em></strong></span> <span class='ocrx_word' id='word_1_250' title='bbox 413 2933 460 2989; x_wconf 82' lang='lat' dir='ltr'><strong>pro</strong></span> <span class='ocrx_word' id='word_1_251' title='bbox 479 2915 596 2987; x_wconf 78' lang='grc' dir='ltr'><strong><em>Δαρδά·</em></strong></span> <span class='ocrx_word' id='word_1_252' title='bbox 632 2931 676 2967; x_wconf 88' lang='lat' dir='ltr'><strong>sus</strong></span> <span class='ocrx_word' id='word_1_253' title='bbox 708 2931 780 2970; x_wconf 85' lang='lat' dir='ltr'><strong>suam</strong></span> <span class='ocrx_word' id='word_1_254' title='bbox 820 2917 1005 2971; x_wconf 83' lang='lat' dir='ltr'><strong>chaldaeorum</strong></span> <span class='ocrx_word' id='word_1_255' title='bbox 1040 2918 1171 2970; x_wconf 87' lang='lat' dir='ltr'><strong>historiam</strong></span> 
     </span>
     <span class='ocr_line' id='line_1_28' title="bbox 17 2998 1172 3070; baseline -0.001 -16"><span class='ocrx_word' id='word_1_256' title='bbox 17 2998 20 3003; x_wconf 80' lang='lat'>&#39;</span> <span class='ocrx_word' id='word_1_257' title='bbox 69 3014 119 3054; x_wconf 74' lang='lat' dir='ltr'><strong>m.</strong></span> <span class='ocrx_word' id='word_1_258' title='bbox 632 3000 742 3055; x_wconf 62' lang='lat' dir='ltr'><strong>dicavit?</strong></span> <span class='ocrx_word' id='word_1_259' title='bbox 783 3002 886 3055; x_wconf 86' lang='lat' dir='ltr'><strong>Etenim</strong></span> <span class='ocrx_word' id='word_1_260' title='bbox 904 3007 1037 3070; x_wconf 83' lang='lat' dir='ltr'><strong>postquam</strong></span> <span class='ocrx_word' id='word_1_261' title='bbox 1057 3003 1172 3054; x_wconf 82' lang='lat' dir='ltr'><strong>Alexan-</strong></span> 
     </span>
    </p>

    <p class='ocr_par' dir='ltr' id='par_1_8' title="bbox 68 3083 1172 3239">
     <span class='ocr_line' id='line_1_29' title="bbox 123 3083 1171 3160; baseline -0.003 -20"><span class='ocrx_word' id='word_1_262' title='bbox 123 3087 149 3140; x_wconf 86' lang='grc'><strong>7.</strong></span> <span class='ocrx_word' id='word_1_263' title='bbox 174 3083 279 3160; x_wconf 65' lang='grc' dir='ltr'><strong><em>ἔνεπεν]</em></strong></span> <span class='ocrx_word' id='word_1_264' title='bbox 312 3090 375 3143; x_wconf 77' lang='lat' dir='ltr'><strong>ltus.</strong></span> <span class='ocrx_word' id='word_1_265' title='bbox 405 3086 496 3145; x_wconf 66' lang='grc' dir='ltr'><strong><em>ἕνεκα.</em></strong></span> <span class='ocrx_word' id='word_1_266' title='bbox 544 3090 597 3144; x_wconf 89' lang='lat' dir='ltr'><strong>Sed</strong></span> <span class='ocrx_word' id='word_1_267' title='bbox 632 3085 709 3140; x_wconf 88' lang='lat' dir='ltr'><strong>dere</strong></span> <span class='ocrx_word' id='word_1_268' title='bbox 734 3089 785 3141; x_wconf 81' lang='lat' dir='ltr'><strong>vita</strong></span> <span class='ocrx_word' id='word_1_269' title='bbox 813 3087 938 3153; x_wconf 85' lang='lat' dir='ltr'><strong>decessit,</strong></span> <span class='ocrx_word' id='word_1_270' title='bbox 970 3100 1036 3138; x_wconf 86' lang='lat' dir='ltr'><strong>anno</strong></span> <span class='ocrx_word' id='word_1_271' title='bbox 1061 3101 1083 3139; x_wconf 87' lang='lat' dir='ltr'><strong>a.</strong></span> <span class='ocrx_word' id='word_1_272' title='bbox 1110 3086 1171 3138; x_wconf 83' lang='lat' dir='ltr'><strong>Chr.</strong></span> 
     </span>
     <span class='ocr_line' id='line_1_30' title="bbox 68 3165 1172 3239; baseline -0.004 -14"><span class='ocrx_word' id='word_1_273' title='bbox 68 3165 118 3225; x_wconf 66' lang='lat' dir='ltr'><strong>Bu</strong></span> <span class='ocrx_word' id='word_1_274' title='bbox 134 3171 194 3226; x_wconf 81' lang='lat' dir='ltr'><strong>Par.</strong></span> <span class='ocrx_word' id='word_1_275' title='bbox 211 3173 232 3227; x_wconf 86' lang='grc'><strong>2</strong></span> <span class='ocrx_word' id='word_1_276' title='bbox 249 3179 277 3226; x_wconf 88' lang='lat' dir='ltr'><strong>et</strong></span> <span class='ocrx_word' id='word_1_277' title='bbox 291 3174 363 3227; x_wconf 82' lang='lat' dir='ltr'><strong>Flor.</strong></span> <span class='ocrx_word' id='word_1_278' title='bbox 381 3174 406 3227; x_wconf 95' lang='lat'><strong>1.</strong></span> <span class='ocrx_word' id='word_1_279' title='bbox 424 3175 442 3228; x_wconf 92' lang='grc'><strong>2</strong></span> <span class='ocrx_word' id='word_1_280' title='bbox 461 3172 561 3230; x_wconf 72' lang='grc' dir='ltr'><strong>ἱίνειιεν.Ι</strong></span> <span class='ocrx_word' id='word_1_281' title='bbox 631 3172 693 3239; x_wconf 86' lang='grc'><strong>323,</strong></span> <span class='ocrx_word' id='word_1_282' title='bbox 717 3171 794 3225; x_wconf 87' lang='lat' dir='ltr'><strong>duces</strong></span> <span class='ocrx_word' id='word_1_283' title='bbox 820 3173 875 3226; x_wconf 87' lang='lat' dir='ltr'><strong>eius</strong></span> <span class='ocrx_word' id='word_1_284' title='bbox 899 3171 941 3224; x_wconf 89' lang='lat' dir='ltr'><strong>diu</strong></span> <span class='ocrx_word' id='word_1_285' title='bbox 965 3170 1117 3222; x_wconf 88' lang='lat' dir='ltr'><strong>dimicarunt</strong></span> <span class='ocrx_word' id='word_1_286' title='bbox 1140 3169 1172 3221; x_wconf 88' lang='lat' dir='ltr'><strong>dc</strong></span> 
     </span>
    </p>

    <p class='ocr_par' dir='ltr' id='par_1_9' title="bbox 63 3254 1173 3838">
     <span class='ocr_line' id='line_1_31' title="bbox 122 3254 1172 3329; baseline -0.006 -17"><span class='ocrx_word' id='word_1_287' title='bbox 122 3257 149 3312; x_wconf 81' lang='grc'><strong>8.</strong></span> <span class='ocrx_word' id='word_1_288' title='bbox 165 3259 195 3314; x_wconf 72' lang='grc' dir='ltr'><strong>τί</strong></span> <span class='ocrx_word' id='word_1_289' title='bbox 213 3276 263 3326; x_wconf 82' lang='grc' dir='ltr'><strong>μοι</strong></span> <span class='ocrx_word' id='word_1_290' title='bbox 280 3257 380 3329; x_wconf 74' lang='grc' dir='ltr'><strong><em>λέγειν]</em></strong></span> <span class='ocrx_word' id='word_1_291' title='bbox 404 3260 467 3313; x_wconf 82' lang='grc' dir='ltr'><strong><em>Εαν.</em></strong></span> <span class='ocrx_word' id='word_1_292' title='bbox 490 3263 516 3313; x_wconf 87' lang='lat' dir='ltr'><strong>in</strong></span> <span class='ocrx_word' id='word_1_293' title='bbox 536 3261 596 3314; x_wconf 87' lang='lat' dir='ltr'><strong>edit.</strong></span> <span class='ocrx_word' id='word_1_294' title='bbox 631 3266 729 3311; x_wconf 81' lang='lat' dir='ltr'><strong>summo</strong></span> <span class='ocrx_word' id='word_1_295' title='bbox 746 3257 863 3326; x_wconf 81' lang='lat' dir='ltr'><strong>imperio.</strong></span> <span class='ocrx_word' id='word_1_296' title='bbox 899 3256 1023 3308; x_wconf 88' lang='lat' dir='ltr'><strong>Seleucus</strong></span> <span class='ocrx_word' id='word_1_297' title='bbox 1036 3254 1172 3322; x_wconf 84' lang='lat' dir='ltr'><strong>(Nicanor)</strong></span> 
     </span>
     <span class='ocr_line' id='line_1_32' title="bbox 68 3339 1172 3413; baseline -0.006 -13"><span class='ocrx_word' id='word_1_298' title='bbox 68 3339 246 3410; x_wconf 55' lang='lat' dir='ltr'><strong>&#39;balleinich</strong></span> <span class='ocrx_word' id='word_1_299' title='bbox 265 3345 293 3398; x_wconf 80' lang='lat' dir='ltr'><strong>ct</strong></span> <span class='ocrx_word' id='word_1_300' title='bbox 309 3363 344 3413; x_wconf 81' lang='grc' dir='ltr'><strong>με</strong></span> <span class='ocrx_word' id='word_1_301' title='bbox 361 3343 449 3412; x_wconf 73' lang='grc' dir='ltr'><strong><em>λέγειν</em></strong></span> <span class='ocrx_word' id='word_1_302' title='bbox 466 3346 518 3400; x_wconf 79' lang='grc' dir='ltr'><strong><em>δεῖ.</em></strong></span> <span class='ocrx_word' id='word_1_303' title='bbox 545 3347 598 3400; x_wconf 83' lang='lat' dir='ltr'><strong>Sed</strong></span> <span class='ocrx_word' id='word_1_304' title='bbox 631 3342 733 3394; x_wconf 85' lang='lat' dir='ltr'><strong>tandem</strong></span> <span class='ocrx_word' id='word_1_305' title='bbox 759 3346 863 3411; x_wconf 83' lang='lat' dir='ltr'><strong>praeter</strong></span> <span class='ocrx_word' id='word_1_306' title='bbox 887 3340 1062 3406; x_wconf 76' lang='lat' dir='ltr'><strong>Babyloniam,</strong></span> <span class='ocrx_word' id='word_1_307' title='bbox 1095 3339 1172 3393; x_wconf 85' lang='lat' dir='ltr'><strong>rebus</strong></span> 
     </span>
     <span class='ocr_line' id='line_1_33' title="bbox 68 3424 1172 3501; baseline -0.002 -21"><span class='ocrx_word' id='word_1_308' title='bbox 68 3424 161 3483; x_wconf 76' lang='lat' dir='ltr'><strong>hedit.</strong></span> <span class='ocrx_word' id='word_1_309' title='bbox 186 3429 270 3484; x_wconf 67' lang='lat' dir='ltr'><strong>aaut.</strong></span> <span class='ocrx_word' id='word_1_310' title='bbox 300 3431 375 3496; x_wconf 83' lang='lat' dir='ltr'><strong>(Eur.</strong></span> <span class='ocrx_word' id='word_1_311' title='bbox 405 3431 464 3484; x_wconf 85' lang='lat' dir='ltr'><strong>Par.</strong></span> <span class='ocrx_word' id='word_1_312' title='bbox 494 3432 518 3484; x_wconf 91' lang='lat'><strong>1.</strong></span> <span class='ocrx_word' id='word_1_313' title='bbox 536 3432 553 3485; x_wconf 82' lang='grc'>3</span> <span class='ocrx_word' id='word_1_314' title='bbox 572 3436 598 3485; x_wconf 84' lang='lat' dir='ltr'><strong>st</strong></span> <span class='ocrx_word' id='word_1_315' title='bbox 632 3427 698 3494; x_wconf 88' lang='lat' dir='ltr'><strong>apud</strong></span> <span class='ocrx_word' id='word_1_316' title='bbox 721 3427 807 3496; x_wconf 84' lang='lat' dir='ltr'><strong>Ipsum</strong></span> <span class='ocrx_word' id='word_1_317' title='bbox 832 3442 855 3480; x_wconf 90' lang='lat' dir='ltr'><strong>a.</strong></span> <span class='ocrx_word' id='word_1_318' title='bbox 874 3424 925 3478; x_wconf 88' lang='grc'><strong>301</strong></span> <span class='ocrx_word' id='word_1_319' title='bbox 950 3425 1058 3478; x_wconf 76' lang='lat' dir='ltr'><strong>feliciter</strong></span> <span class='ocrx_word' id='word_1_320' title='bbox 1082 3426 1172 3501; x_wconf 67' lang='lat' dir='ltr'><strong>gestis,</strong></span> 
     </span>
     <span class='ocr_line' id='line_1_34' title="bbox 68 3506 1172 3584; baseline -0.005 -16"><span class='ocrx_word' id='word_1_321' title='bbox 68 3506 352 3584; x_wconf 73' lang='lat' dir='ltr'><strong>⁰101.)comTatiano</strong></span> <span class='ocrx_word' id='word_1_322' title='bbox 372 3517 507 3569; x_wconf 87' lang='lat' dir='ltr'><strong>consentit.</strong></span> <span class='ocrx_word' id='word_1_323' title='bbox 533 3518 596 3570; x_wconf 81' lang='lat' dir='ltr'><strong>Eue.</strong></span> <span class='ocrx_word' id='word_1_324' title='bbox 633 3512 733 3576; x_wconf 76' lang='lat' dir='ltr'><strong>Syriam</strong></span> <span class='ocrx_word' id='word_1_325' title='bbox 752 3512 868 3565; x_wconf 84' lang='lat' dir='ltr'><strong>obtinuit.</strong></span> <span class='ocrx_word' id='word_1_326' title='bbox 913 3511 981 3564; x_wconf 86' lang='lat' dir='ltr'><strong>Huic</strong></span> <span class='ocrx_word' id='word_1_327' title='bbox 1005 3511 1131 3564; x_wconf 87' lang='lat' dir='ltr'><strong>successit</strong></span> <span class='ocrx_word' id='word_1_328' title='bbox 1149 3526 1172 3563; x_wconf 89' lang='grc' dir='ltr'><strong>ο.</strong></span> 
     </span>
     <span class='ocr_line' id='line_1_35' title="bbox 66 3593 1173 3668; baseline -0.006 -14"><span class='ocrx_word' id='word_1_329' title='bbox 66 3593 158 3668; x_wconf 55' lang='grc'><strong>112,</strong></span> <span class='ocrx_word' id='word_1_330' title='bbox 176 3600 248 3654; x_wconf 78' lang='lat' dir='ltr'><strong>Ptor.</strong></span> <span class='ocrx_word' id='word_1_331' title='bbox 269 3600 293 3654; x_wconf 90' lang='lat'><strong>1.</strong></span> <span class='ocrx_word' id='word_1_332' title='bbox 312 3599 339 3667; x_wconf 82' lang='grc'><strong>2,</strong></span> <span class='ocrx_word' id='word_1_333' title='bbox 356 3601 420 3652; x_wconf 78' lang='lat' dir='ltr'><strong>ven.</strong></span> <span class='ocrx_word' id='word_1_334' title='bbox 439 3602 469 3654; x_wconf 83' lang='lat' dir='ltr'><strong>rt</strong></span> <span class='ocrx_word' id='word_1_335' title='bbox 485 3619 535 3668; x_wconf 84' lang='grc' dir='ltr'><strong>μοι</strong></span> <span class='ocrx_word' id='word_1_336' title='bbox 552 3600 596 3656; x_wconf 75' lang='lat' dir='ltr'><strong>ti·</strong></span> <span class='ocrx_word' id='word_1_337' title='bbox 631 3596 681 3649; x_wconf 84' lang='grc'><strong>281</strong></span> <span class='ocrx_word' id='word_1_338' title='bbox 699 3595 767 3649; x_wconf 83' lang='lat' dir='ltr'><strong>filius</strong></span> <span class='ocrx_word' id='word_1_339' title='bbox 786 3596 928 3650; x_wconf 79' lang='lat' dir='ltr'><strong>Antiochus</strong></span> <span class='ocrx_word' id='word_1_340' title='bbox 952 3596 992 3664; x_wconf 87' lang='lat'><strong>(1)</strong></span> <span class='ocrx_word' id='word_1_341' title='bbox 1022 3597 1173 3663; x_wconf 73' lang='lat' dir='ltr'><strong>cognomine</strong></span> 
     </span>
     <span class='ocr_line' id='line_1_36' title="bbox 66 3678 1172 3750; baseline -0.006 -10"><span class='ocrx_word' id='word_1_342' title='bbox 66 3697 112 3747; x_wconf 70' lang='grc' dir='ltr'><strong>μιν</strong></span> <span class='ocrx_word' id='word_1_343' title='bbox 128 3685 192 3740; x_wconf 74' lang='lat' dir='ltr'><strong>tce.</strong></span> <span class='ocrx_word' id='word_1_344' title='bbox 207 3711 243 3724; x_wconf 91' lang='lat'>-</span> <span class='ocrx_word' id='word_1_345' title='bbox 280 3685 352 3737; x_wconf 80' lang='lat' dir='ltr'><strong>lutra</strong></span> <span class='ocrx_word' id='word_1_346' title='bbox 370 3687 398 3738; x_wconf 87' lang='lat' dir='ltr'><strong>in</strong></span> <span class='ocrx_word' id='word_1_347' title='bbox 414 3685 477 3738; x_wconf 83' lang='lat' dir='ltr'><strong>Eas.</strong></span> <span class='ocrx_word' id='word_1_348' title='bbox 495 3686 597 3741; x_wconf 72' lang='lat' dir='ltr'><strong>Pani</strong></span> <span class='ocrx_word' id='word_1_349' title='bbox 632 3678 743 3750; x_wconf 74' lang='grc' dir='ltr'><strong><em>Σωτήρ.</em></strong></span> <span class='ocrx_word' id='word_1_350' title='bbox 776 3683 832 3748; x_wconf 75' lang='lat' dir='ltr'><strong>Quo</strong></span> <span class='ocrx_word' id='word_1_351' title='bbox 849 3685 949 3734; x_wconf 89' lang='lat' dir='ltr'><strong>mortuo</strong></span> <span class='ocrx_word' id='word_1_352' title='bbox 962 3681 1105 3734; x_wconf 87' lang='lat' dir='ltr'><strong>Antiochus</strong></span> <span class='ocrx_word' id='word_1_353' title='bbox 1120 3681 1172 3749; x_wconf 80' lang='grc' dir='ltr'><strong>(ΙΙ)</strong></span> 
     </span>
     <span class='ocr_line' id='line_1_37' title="bbox 63 3762 1173 3838; baseline -0.007 -13"><span class='ocrx_word' id='word_1_354' title='bbox 63 3768 116 3838; x_wconf 76' lang='grc' dir='ltr'><strong>ΙνρΙ</strong></span> <span class='ocrx_word' id='word_1_355' title='bbox 133 3773 196 3824; x_wconf 77' lang='lat' dir='ltr'><strong>ante</strong></span> <span class='ocrx_word' id='word_1_356' title='bbox 215 3770 273 3823; x_wconf 73' lang='lat' dir='ltr'><strong>coir</strong></span> <span class='ocrx_word' id='word_1_357' title='bbox 297 3769 468 3838; x_wconf 71' lang='grc' dir='ltr'><strong><em>πραγμάτων</em></strong></span> <span class='ocrx_word' id='word_1_358' title='bbox 496 3770 597 3824; x_wconf 85' lang='lat' dir='ltr'><strong>excidit.</strong></span> <span class='ocrx_word' id='word_1_359' title='bbox 634 3762 705 3828; x_wconf 80' lang='grc' dir='ltr'><strong>Θεὸς</strong></span> <span class='ocrx_word' id='word_1_360' title='bbox 723 3767 806 3834; x_wconf 80' lang='lat' dir='ltr'><strong>coepit</strong></span> <span class='ocrx_word' id='word_1_361' title='bbox 823 3783 845 3819; x_wconf 90' lang='lat' dir='ltr'><strong>a.</strong></span> <span class='ocrx_word' id='word_1_362' title='bbox 869 3765 921 3820; x_wconf 89' lang='grc'><strong>262</strong></span> <span class='ocrx_word' id='word_1_363' title='bbox 946 3768 1081 3837; x_wconf 83' lang='lat' dir='ltr'><strong>imperare.</strong></span> <span class='ocrx_word' id='word_1_364' title='bbox 1117 3766 1173 3818; x_wconf 83' lang='lat' dir='ltr'><strong>itr-</strong></span> 
     </span>
    </p>

    <p class='ocr_par' dir='ltr' id='par_1_10' title="bbox 55 3850 1174 4180">
     <span class='ocr_line' id='line_1_38' title="bbox 120 3850 1173 3924; baseline -0.006 -15"><span class='ocrx_word' id='word_1_365' title='bbox 120 3854 147 3909; x_wconf 79' lang='grc'><strong>9.</strong></span> <span class='ocrx_word' id='word_1_366' title='bbox 166 3852 314 3923; x_wconf 76' lang='grc' dir='ltr'><strong><em>Βηρωσός]</em></strong></span> <span class='ocrx_word' id='word_1_367' title='bbox 333 3855 395 3907; x_wconf 79' lang='lat' dir='ltr'><strong>Eur.</strong></span> <span class='ocrx_word' id='word_1_368' title='bbox 414 3855 455 3908; x_wconf 91' lang='lat' dir='ltr'><strong>hie</strong></span> <span class='ocrx_word' id='word_1_369' title='bbox 473 3860 499 3908; x_wconf 89' lang='lat' dir='ltr'><strong>et</strong></span> <span class='ocrx_word' id='word_1_370' title='bbox 512 3856 597 3924; x_wconf 83' lang='lat' dir='ltr'><strong>paullo</strong></span> <span class='ocrx_word' id='word_1_371' title='bbox 633 3868 681 3919; x_wconf 89' lang='lat' dir='ltr'><strong>que</strong></span> <span class='ocrx_word' id='word_1_372' title='bbox 698 3857 805 3905; x_wconf 87' lang='lat' dir='ltr'><strong>censent</strong></span> <span class='ocrx_word' id='word_1_373' title='bbox 821 3853 973 3906; x_wconf 84' lang='lat' dir='ltr'><strong>Perizonius</strong></span> <span class='ocrx_word' id='word_1_374' title='bbox 993 3851 1096 3918; x_wconf 74' lang='lat' dir='ltr'><strong>(origg.</strong></span> <span class='ocrx_word' id='word_1_375' title='bbox 1120 3850 1173 3904; x_wconf 86' lang='lat' dir='ltr'><strong>Ba-</strong></span> 
     </span>
     <span class='ocr_line' id='line_1_39' title="bbox 61 3935 1174 4014; baseline -0.007 -19"><span class='ocrx_word' id='word_1_376' title='bbox 61 3938 119 3994; x_wconf 84' lang='lat' dir='ltr'><strong>trtn</strong></span> <span class='ocrx_word' id='word_1_377' title='bbox 137 3936 301 4008; x_wconf 74' lang='grc' dir='ltr'><strong><em>Βηρωσοόο,</em></strong></span> <span class='ocrx_word' id='word_1_378' title='bbox 327 3955 391 4008; x_wconf 87' lang='lat' dir='ltr'><strong>quae</strong></span> <span class='ocrx_word' id='word_1_379' title='bbox 414 3941 495 3992; x_wconf 80' lang='lat' dir='ltr'><strong>torma</strong></span> <span class='ocrx_word' id='word_1_380' title='bbox 520 3941 596 4006; x_wconf 87' lang='lat' dir='ltr'><strong>(lust.</strong></span> <span class='ocrx_word' id='word_1_381' title='bbox 632 3935 692 4001; x_wconf 79' lang='lat' dir='ltr'><strong>byth</strong></span> <span class='ocrx_word' id='word_1_382' title='bbox 711 3952 734 3989; x_wconf 89' lang='lat' dir='ltr'><strong>e.</strong></span> <span class='ocrx_word' id='word_1_383' title='bbox 753 3937 778 3990; x_wconf 93' lang='lat'><strong>1.</strong></span> <span class='ocrx_word' id='word_1_384' title='bbox 803 3953 828 4006; x_wconf 84' lang='grc' dir='ltr'><strong>ρ.</strong></span> <span class='ocrx_word' id='word_1_385' title='bbox 855 3935 911 4005; x_wconf 60' lang='lat'><strong>16&gt;</strong></span> <span class='ocrx_word' id='word_1_386' title='bbox 928 3938 1055 4014; x_wconf 77' lang='lat' dir='ltr'><strong>Bonosum</strong></span> <span class='ocrx_word' id='word_1_387' title='bbox 1080 3936 1174 3988; x_wconf 86' lang='lat' dir='ltr'><strong>Antio-</strong></span> 
     </span>
     <span class='ocr_line' id='line_1_40' title="bbox 59 4019 1174 4091; baseline -0.01 -9"><span class='ocrx_word' id='word_1_388' title='bbox 59 4024 160 4081; x_wconf 71' lang='lat' dir='ltr'><strong>cohort</strong></span> <span class='ocrx_word' id='word_1_389' title='bbox 179 4025 213 4079; x_wconf 86' lang='lat' dir='ltr'><strong>ad</strong></span> <span class='ocrx_word' id='word_1_390' title='bbox 231 4023 312 4078; x_wconf 81' lang='lat' dir='ltr'><strong>(ient.</strong></span> <span class='ocrx_word' id='word_1_391' title='bbox 338 4040 360 4076; x_wconf 89' lang='lat' dir='ltr'><strong>c.</strong></span> <span class='ocrx_word' id='word_1_392' title='bbox 378 4024 421 4077; x_wconf 86' lang='grc'><strong>37.</strong></span> <span class='ocrx_word' id='word_1_393' title='bbox 440 4039 466 4077; x_wconf 91' lang='lat' dir='ltr'><strong>n.</strong></span> <span class='ocrx_word' id='word_1_394' title='bbox 485 4025 515 4091; x_wconf 83' lang='grc'>1)</span> <span class='ocrx_word' id='word_1_395' title='bbox 544 4041 597 4078; x_wconf 86' lang='lat' dir='ltr'><strong>ma·</strong></span> <span class='ocrx_word' id='word_1_396' title='bbox 633 4022 679 4074; x_wconf 92' lang='lat' dir='ltr'><strong>cho</strong></span> <span class='ocrx_word' id='word_1_397' title='bbox 707 4022 825 4089; x_wconf 77' lang='grc' dir='ltr'><strong><em>Σωτῆρι</em></strong></span> <span class='ocrx_word' id='word_1_398' title='bbox 850 4026 877 4074; x_wconf 89' lang='lat' dir='ltr'><strong>et</strong></span> <span class='ocrx_word' id='word_1_399' title='bbox 904 4019 1053 4074; x_wconf 84' lang='lat' dir='ltr'><strong>Gallandius</strong></span> <span class='ocrx_word' id='word_1_400' title='bbox 1079 4020 1174 4072; x_wconf 76' lang='lat' dir='ltr'><strong>Antio-</strong></span> 
     </span>
     <span class='ocr_line' id='line_1_41' title="bbox 55 4104 1173 4180; baseline -0.013 -12"><span class='ocrx_word' id='word_1_401' title='bbox 55 4111 92 4178; x_wconf 69' lang='grc' dir='ltr'><strong>εἰν</strong></span> <span class='ocrx_word' id='word_1_402' title='bbox 120 4113 287 4180; x_wconf 79' lang='lat' dir='ltr'><strong>trequentatr</strong></span> <span class='ocrx_word' id='word_1_403' title='bbox 313 4113 362 4166; x_wconf 83' lang='lat' dir='ltr'><strong>est.</strong></span> <span class='ocrx_word' id='word_1_404' title='bbox 406 4109 446 4163; x_wconf 79' lang='grc'>31.</span> <span class='ocrx_word' id='word_1_405' title='bbox 470 4110 492 4161; x_wconf 90' lang='lat' dir='ltr'><strong>l.</strong></span> <span class='ocrx_word' id='word_1_406' title='bbox 509 4109 542 4161; x_wconf 82' lang='grc' dir='ltr'><strong>Ι).</strong></span> <span class='ocrx_word' id='word_1_407' title='bbox 563 4110 596 4163; x_wconf 87' lang='lat' dir='ltr'><strong>G.</strong></span> <span class='ocrx_word' id='word_1_408' title='bbox 632 4107 679 4161; x_wconf 91' lang='lat' dir='ltr'><strong>cho</strong></span> <span class='ocrx_word' id='word_1_409' title='bbox 699 4107 760 4178; x_wconf 77' lang='grc' dir='ltr'><strong>Θεῷ</strong></span> <span class='ocrx_word' id='word_1_410' title='bbox 779 4107 875 4175; x_wconf 77' lang='grc' dir='ltr'><strong>ΙΙίίιειιοι</strong></span> <span class='ocrx_word' id='word_1_411' title='bbox 897 4118 1067 4176; x_wconf 77' lang='lat' dir='ltr'><strong>nuncupasse.</strong></span> <span class='ocrx_word' id='word_1_412' title='bbox 1108 4104 1173 4156; x_wconf 82' lang='lat' dir='ltr'><strong>Vos-</strong></span> 
     </span>
    </p>
   </div>
   <div class='ocr_carea' id='block_1_8' title="bbox 0 0 1377 4666">
    <p class='ocr_par' dir='ltr' id='par_1_11' title="bbox 0 0 1377 4666">
     <span class='ocr_line' id='line_1_42' title="bbox 0 0 1377 4666; baseline 0 0"><span class='ocrx_word' id='word_1_413' title='bbox 0 0 1377 4666; x_wconf 95' lang='lat' dir='ltr'><strong> </strong></span> 
     </span>
    </p>
   </div>
  </div>
 </body>
</html>
