2708 4666
131 146 168 193 Vl

128 326 311 415 plectente
345 323 618 413 conservatori,
654 320 822 390 loanni
855 318 1068 409 Georgio
1110 317 1239 389 lira·

129 458 316 547 binger,
344 456 595 527 Bibliothecae
620 454 760 545 Regiae
780 453 1013 524 Monacensis
1035 452 1238 546 praelecto,

129 590 349 660 Eduardo
381 590 567 680 Cunitz,
602 589 831 678 'l'heologiae
857 587 1000 657 doctori
1024 587 1061 657 in
1088 587 1239 657 Acade·

128 725 199 794 mia
224 725 554 815 Argentoratensi,
587 721 761 792 llavidi
791 721 954 813 Daris,
984 720 1238 792 Baccalaureo

127 859 273 928 Artium
292 857 581 950 Eveshamiensi‚
608 878 703 927 nunc
720 854 927 934 Nordovici
951 856 1115 926 ministro
1131 857 1238 926 verbi

128 991 261 1082 divini,
293 1012 362 1081 pro
389 992 589 1081 insignibus
613 992 649 1060 in
670 1010 784 1060 meam
811 990 1077 1079 Athenagorae
1100 991 1237 1060 editio-

116 1144 210 1195 nem
243 1125 384 1194 meritis
416 1125 665 1215 gratissimum
703 1125 860 1194 animum
889 1127 1011 1214 palam
1044 1123 1235 1215 profitear.

127 1257 277 1329 Gratias
294 1259 403 1346 etiam
423 1252 496 1350 a'go
520 1259 697 1329 maximas
720 1257 761 1327 L.
781 1259 822 1327 B.
842 1256 1153 1350 Woligaugo
1181 1261 1235 1330 de

126 1390 333 1486 Goethe,
359 1395 572 1465 Camerario
596 1392 847 1485 Magniducali
870 1391 1236 1466 Saxo-Vinariemi

126 1534 166 1596 et
189 1526 402 1602 Secretario
429 1528 643 1620 legationis
674 1526 813 1618 Regiae
838 1526 1060 1597 Borussicac
1085 1528 1125 1598 in
1144 1529 1236 1598 urbe

124 1661 261 1754 Roma,
314 1664 374 1751 qui
413 1683 482 1753 per
525 1665 628 1732 viros
673 1661 941 1732 eruditissimos
983 1662 1236 1755 chricum

96 1796 287 1865 ·Brunn
312 1804 349 1864 et
369 1795 590 1867 Carolum
613 1796 879 1866 Lorentzen
902 1795 997 1865 Phil.
1023 1795 1096 1865 lli).
1122 1784 1245 1868 multa

124 1930 171 2000 de
188 1927 363 2001 Romanis
378 1931 640 2025 Athenagorae
667 1931 853 2002 codicibus
875 1951 1013 2002 mecum
1033 1910 1244 2031 communi·

123 2065 240 2135 canda
275 2067 435 2156 curavit,
471 2073 507 2134 et
543 2066 749 2135 llenrico
783 2064 1002 2135 ldduardo
1038 2064 1237 2161 Kaisar,

122 2195 312 2293 Gymnasii
327 2197 527 2288 Bregensis
544 2201 769 2290 professori,
796 2202 856 2288 qui
878 2199 1106 2271 Lubaneusis
1127 2204 1237 2274 codi-

122 2329 174 2400 cis
193 2335 399 2423 exemplum
422 2334 508 2403 mihi
526 2335 630 2403 misit.

222 2465 399 2536 Fabulam
427 2470 601 2538 eroticam
626 2490 696 2559 ego
716 2489 846 2538 curare
870 2490 942 2537 non
967 2472 1088 2539 debui.
1142 2472 1227 2542 Ete-

120 2599 193 2667 nim
211 2600 279 2668 sub
306 2599 569 2690 Athenagorae
595 2603 810 2691 Philosoithi
830 2603 1067 2673 Atheniensis
1088 2608 1224 2676 nominc

119 2731 258 2821 prodiit
283 2735 431 2823 gallice,
459 2744 639 2826 tamquam
665 2761 684 2806 e
713 2724 848 2827 graeco
874 2759 1111 2831 conversum,
1139 2761 1224 2830 opus

120 2864 296 2937 tributum
318 2869 354 2937 in
382 2871 497 2939 libros
528 2874 653 2941 decem
677 2874 723 2939 de
745 2895 828 2940 vero
849 2881 883 2939 et
902 2871 1066 2964 perfecto
1095 2899 1223 2965 umore,

13 3039 15 3043 ·
119 3000 198 3070 sive
222 3003 267 3070 de
290 3006 400 3074 castis
417 3007 603 3074 amoribus
625 3007 837 3096 Theogenis
861 3014 899 3075 et
919 3007 1100 3102 Charmis
1126 3010 1224 3079 Phe·

118 3137 266 3225 recydis
292 3145 329 3206 et
356 3138 627 3227 Melangeniae.
682 3141 897 3210 inscribitur
922 3143 990 3210 sic:
1028 3143 1104 3235 „Du
1133 3167 1223 3238 vray

31 3308 33 3312 >
119 3279 156 3338 et
174 3271 312 3360 parsait
335 3276 493 3361 Amour,
534 3276 645 3344 escrit
671 3298 714 3343 eu
745 3275 840 3344 Grec
876 3297 942 3365 par
965 3277 1223 3371 Athenagoras

117 3403 340 3494 Philosophe
370 3410 571 3497 Athenien3
599 3419 793 3479 contenant
816 3415 871 3479 les
898 3413 1056 3483 :lunonis
1084 3415 1222 3485 honne-

117 3549 193 3607 stes
214 3541 259 3608 de
284 3541 504 3633 Theogenes
532 3556 565 3613 et
599 3547 643 3613 dc
666 3545 845 3637 Charide‚
871 3550 916 3615 de
940 3547 1165 3622 Phdrecides
1189 3566 1220 3623 et

117 3674 162 3741 de
185 3671 439 3766 Melangdnie:
469 3680 606 3748 traduit
624 3681 670 3747 du
696 3679 792 3750 Grec
819 3682 1130 3775 d'AthdnagoraS,
1158 3712 1222 3780 par

115 3805 252 3877 Martin
280 3811 413 3883 Fumee
440 3813 620 3904 Seigneur
650 3817 695 3884 de
727 3815 877 3887 Geuilld.
928 3822 963 3888 A
997 3819 1103 3892 Paris
1136 3827 1220 3894 cheu

116 3940 254 4011 Michel
271 3944 426 4016 Sonuius
455 3947 586 4018 1599ss
616 3952 702 4040 12⁰5
729 3956 849 4022 denuo
867 3957 977 4046 „chez
1002 3957 1091 4029 llan.
1117 3959 1217 4030 Guil-
