2708 4666
338 150 393 216 BE
405 151 736 216 RESURRECTIONE
757 153 1015 218 monatianum
1161 154 1223 220 281

119 327 374 404 comparataest
394 327 430 388 ιιι
450 327 501 387 bis
516 329 570 387 aut
590 327 656 387 iilis
677 329 723 389 uti
738 327 850 405 possit,
872 342 909 387 au
927 332 1099 419 propterea
1122 330 1225 390 uenti·

118 454 209 515 quam
231 437 362 515 propria
385 455 465 514 quae
483 437 596 498 dieitur
618 439 752 516 partium
775 438 893 499 suneiio
916 438 946 497 in
966 440 1067 499 anima
1083 439 1130 500 siu
1147 456 1225 500 eon-

118 549 228 607 siiiuta
262 547 456 624 deprehendi
479 549 611 626 putasti

203 660 253 717 23.
276 658 378 733 Atque
400 658 545 736 proseuta
568 659 647 718 illud
665 660 796 718 omnium
819 659 950 718 maxime
965 675 983 718 a
999 659 1121 719 ratione
1143 660 1225 721 alie-
1342 678 1345 689 ·

117 784 189 826 uum
211 771 278 842 est,
303 769 439 827 sancitas
457 768 581 844 quidem
602 768 693 846 leges
716 769 861 829 nanterre
884 771 913 828 in
937 769 1088 856 homiues,
1111 770 1225 830 obser-

118 881 214 937 vatae
250 879 352 937 autem
381 880 436 936 aui
465 877 605 939 violatae
629 879 709 957 legis
732 881 905 939 mercedem
928 880 959 939 iu
987 879 1073 939 solas
1099 883 1226 940 vertera

117 988 247 1080 animas.
291 986 368 1046 Nam
390 988 419 1046 si
447 986 499 1063 qui
525 987 615 1065 leges
640 986 762 1066 recepit
785 991 813 1049 is
836 991 928 1050 etiam
954 990 1065 1049 merite
1086 989 1226 1049 violatae

118 1098 202 1176 legis
225 1115 356 1176 poenam
379 1097 529 1175 recipiat,
550 1098 639 1175 legas
659 1102 760 1158 autem
778 1101 899 1177 recepit
915 1100 1023 1177 bama,
1048 1116 1109 1159 non
1125 1099 1225 1159 anima
1337 1143 1343 1164 .

119 1209 208 1282 sola,
237 1208 391 1268 bominem
419 1210 520 1291 etiam.
535 1209 662 1285 eportet
683 1213 881 1285 peecatorum
905 1227 1036 1287 poenam
1061 1211 1225 1286 sustinere,

118 1335 180 1378 non
203 1319 332 1378 animam
354 1318 471 1394 suiam;
499 1317 651 1393 siquidem
683 1333 745 1376 uon
767 1320 928 1379 animabus
958 1320 1121 1397 praecepit
1149 1321 1226 1381 daus

118 1432 154 1488 ui
179 1429 357 1488 abstineant
379 1428 475 1488 rebus
499 1429 618 1488 adeas
642 1426 719 1487 nibil
744 1429 966 1508 attinentibus,
987 1430 1075 1489 velut
1099 1431 1226 1492 aduttu-

119 1539 169 1598 riu
183 1540 280 1598 caede
297 1538 381 1598 furto
403 1538 513 1615 rapina
538 1537 703 1616 ignominia
722 1538 753 1597 iu
777 1543 945 1618 parentes,
969 1543 1001 1599 οι
1024 1542 1104 1601 omni
1127 1558 1225 1623 gene·
1251 1535 1261 1559 ²

118 1648 211 1707 ratim
236 1649 406 1724 eupiditate
431 1665 510 1725 quae
535 1648 678 1708 iniuriam
708 1651 741 1708 et
770 1648 912 1708 damnum
940 1651 1084 1727 proximu
1115 1652 1223 1712 insert.

119 1756 230 1832 Neque
246 1760 325 1817 enim
340 1759 418 1819 illud
428 1755 559 1820 Honora
570 1759 696 1842 putrem
710 1759 800 1820 iarum
815 1759 846 1820 ei
862 1760 996 1822 mairem
1009 1760 1225 1822 iuumauima-

121 1868 179 1927 bus
196 1870 314 1929 tantum
336 1869 499 1945 convenii,
521 1887 612 1945 quum
629 1869 669 1929 iis
686 1870 837 1929 eiusmodi
857 1871 980 1931 nomiua
999 1887 1059 1932 non
1075 1873 1225 1932 eonveni-

120 1981 192 2037 ant:
215 1994 275 2037 nun
299 1979 378 2038 enim
395 1979 514 2038 animae
529 1980 569 2039 ab
585 1981 745 2041 animabus
757 1981 926 2058 gignuntur
944 1986 978 2041 ui
993 1982 1092 2059 patris
1110 1986 1142 2041 et
1158 2000 1225 2042 ma·

119 2090 180 2149 iris
197 2089 440 2166 appellationem
457 2089 519 2148 sibi
534 2089 719 2166 adsuiseant,
741 2091 798 2150 sed
814 2090 954 2151 homines
972 2091 1011 2150 ab
1027 2091 1223 2172 bominibus3

119 2215 222 2274 neque
249 2200 345 2277 igitur
375 2199 452 2258 illud
480 2193 555 2260 Nun
576 2195 792 2261 moechaberis
816 2201 854 2261 de
887 2201 1047 2261 animabus
1076 2203 1226 2265 daueuter

123 2309 244 2368 dieatur
272 2312 325 2367 aut
357 2309 528 2388 cogitetur,
561 2325 653 2386 quum
684 2309 767 2369 iuter
797 2327 852 2369 eas
880 2327 941 2370 non
970 2312 1012 2373 sii
1041 2315 1169 2374 maseuli
1191 2320 1225 2375 ai

120 2580 335 2655 μοιχιύσχς,
377 2585 425 2655 μή
464 2579 656 2658 φονεύσῃς,
691 2589 778 2656 abest,
815 2590 859 2642 sed
893 2595 964 2643 reete
995 2590 1078 2643 Valla:
1114 2597 1226 2646 mairem

120 2669 168 2740 μή
186 2669 335 2741 κλέψῃς,
360 2670 399 2739 μή
417 2671 654 2742 ψιούομιιςιομή-
692 2678 793 2727 inum.

120 2773 185 2827 σῃς,
219 2758 285 2824 τίμα
314 2754 364 2811 adv
398 2757 506 2826 ποτέρα
530 2777 582 2814 unu
608 2760 657 2815 aui
745 2761 769 2815 6.
779 2763 965 2832 adserebatur]
974 2761 1069 2816 Ciani
1084 2763 1226 2819 οἰκοιούι-

120 2839 175 2914 τήν
192 2843 298 2912 μητέρα
316 2861 368 2899 σου
385 2850 456 2898 —ei
474 2846 567 2899 Paulus
581 2849 656 2900 Rom.
691 2865 753 2913 ται,
772 2849 831 2901 net.
850 2850 1005 2903 οἰκοῦνται.
1029 2850 1092 2902 Cum
1110 2844 1226 2918 ἅνθρω-

120 2928 165 2996 13,
183 2930 215 2982 9:
234 2926 269 2985 ού
285 2925 458 2999 μοιχιύσεις,
476 2927 511 2985 ού
527 2951 603 2999 φοι,
621 2930 656 2988 ού
691 2951 741 2986 ποι
772 2933 906 2987 subaudias
939 2935 1095 3002 γεννῶντες.
1133 2937 1226 3002 ,,[)ιοιι

119 3012 216 3080 atini..
241 3011 292 3070 ούκ
316 3014 500 3086 ἐπιθυμήσεις
524 3024 572 3072 ιιι.
600 3035 656 3072 ser·
690 3020 761 3072 nicht
787 3017 1042 3085 serien-zeugende
1060 3020 1153 3073 Seelen
1171 3024 1227 3088 eig-

120 3105 220 3154 ιιιιιιιι
238 3132 272 3141 -
299 3104 382 3156 Antea
400 3104 459 3158 Par.
479 3104 496 3156 3
514 3110 540 3157 ιι
558 3104 656 3157 Ciani
692 3121 741 3158 nan
760 3105 814 3157 sich
833 3104 919 3156 suirbe
934 3105 1030 3157 Numen
1049 3120 1098 3170 an,
1115 3105 1226 3160 eundern

119 3181 280 3242 ἐθέσπισεν
303 3183 321 3241 ύ
345 3184 422 3249 θεὸς.
457 3190 517 3244 Aet.
536 3204 583 3257 pru
604 3185 655 3244 αύ-
690 3191 830 3244 blenscben
849 3219 862 3230 ·
878 3189 1007 3255 renuenda
1058 3190 1226 3244 Meuseben.“

120 3277 184 3334 wie
199 3290 315 3342 ποοσηιι.
327 3275 402 3326 babet
413 3270 513 3337 αύιαῖς
527 3272 564 3329 ia
577 3279 655 3339 ταῖς
690 3277 771 3330 Remu
799 3291 890 3346 nempe
915 3278 1015 3328 cunstat
1038 3290 1069 3328 ιι
1087 3276 1168 3328 anima
1193 3283 1227 3332 ιι

120 3375 237 3426 noeane.
272 3361 348 3414 Vides
370 3357 399 3413 iv
415 3363 476 3422 ιιιις
493 3366 579 3413 ιιιιιιιι
598 3376 656 3415 ιιιι
691 3377 798 3434 carpere
817 3364 853 3429 (ι.
869 3361 912 3415 21.
931 3377 956 3414 u.
977 3361 1034 3429 15).

121 3460 155 3498 ex
187 3460 336 3514 praegresso
364 3442 478 3510 αύιοίς,
510 3447 541 3499 ei.
570 3463 591 3499 ι.
614 3448 655 3502 15.
757 3448 781 3501 7.
807 3442 849 3502 Ού
872 3444 1039 3517 μοιχεύσεις]
1067 3446 1149 3501 Exed.
1182 3447 1227 3516 20,

118 3546 146 3583 u.
168 3530 193 3583 i.
237 3531 327 3583 Vocem
363 3528 516 3601 ἐπιθυμίας
541 3533 567 3584 in
604 3531 656 3586 fine
690 3533 777 3587 ta-
795 3534 858 3587 iilud
876 3529 918 3588 Ού
933 3529 1090 3602 μοιχεύσεις
1105 3547 1152 3601 epe
1167 3534 1225 3588 Par.

120 3616 302 3669 enuntiationis
321 3616 380 3668 net.
401 3631 452 3670 nun
471 3618 593 3685 agnoseit.
690 3618 706 3671 1
725 3622 750 3671 ιι
761 3621 825 3687 Δις.
844 3619 943 3673 reduxi.
963 3618 1129 3672 Desideratum
1146 3615 1180 3673 ού
1197 3620 1224 3673 iu

692 3704 751 3757 Αιι.
767 3704 866 3758 (laeteri
885 3705 957 3758 eudd.
981 3706 1039 3758 maii
1058 3701 1093 3758 ού
1110 3704 1225 3773 μοιχεύ-Ἰ

188 3788 214 3841 5.
241 3787 316 3856 Τι’μιι
394 3807 457 3858 μοι.
480 3788 542 3858 σοι]
575 3788 657 3843 Ειοιι.
692 3805 756 3860 σῃς,
781 3805 843 3858 quae
860 3793 983 3860 scriptura
1010 3793 1084 3844 etium
1102 3792 1128 3845 iu
1146 3793 1228 3846 omui-

119 3871 515 3942 2⁰,1iaue.18‚2u).-
552 3874 612 3927 Διι.
632 3879 659 3927 et
692 3877 739 3927 bus
757 3875 830 3927 editis
848 3882 985 3946 comparet.
1021 3878 1102 3930 Verba
1118 3869 1228 3932 ποτ’ύν

118 3957 202 4010 Rana.
227 3956 266 4013 rd
291 3966 350 4014 ante
375 3964 451 4030 Τιμιι
475 3966 501 4014 ιι
519 3977 582 4015 σου
601 3965 659 4030 pust
693 3955 711 4030 ἢ
735 3962 854 4030 νοηθείη
879 3978 919 4033 ap.
939 3964 1039 4017 biureli.
1059 3968 1085 4016 ιι
1102 3964 1164 4016 Due.
1185 3979 1227 4017 ιι-

119 4042 226 4110 emius
254 4049 497 4115 praetermiserunt3
520 4062 572 4101 uua
601 4050 659 4115 pust
693 4061 753 4099 rure
783 4048 948 4117 excideruni3
979 4050 1041 4103 item
1066 4063 1124 4103 max
1154 4046 1225 4102 ιιαιιὶ

118 4128 226 4198 μηιύοσ
263 4131 290 4185 in
322 4133 426 4204 reliquia
454 4147 554 4203 quoque
586 4131 658 4187 editt
693 4135 751 4186 aute
770 4129 802 4188 τύ
821 4128 913 4201 ἄροιο.
