2708 4666
346 126 405 192 na
423 125 757 193 uusmuncmcnn
777 128 1030 196 nonrucncn.
1170 131 1236 197 247
1308 98 1311 156 ἑ
1336 152 1341 157 ·

122 299 208 377 boni,
230 301 263 361 id
285 301 335 362 eat
355 300 458 362 tenari
479 298 645 362 admodum
665 301 820 378 iniantes3
850 304 908 364 sed
929 319 1021 380 quum
1043 290 1237 367 resurrectio
1270 373 1272 375 ,

121 409 314 470 comedatur
341 429 434 488 quum
465 411 602 473 caeteris
632 413 792 489 omnibus,
822 414 884 472 tum
907 429 984 472 usne
1006 413 1046 474 iis
1069 414 1164 473 etiam
1184 416 1237 492 qui

121 519 152 576 in
174 519 277 595 prima
298 523 405 582 aetate
427 521 542 583 mortui
563 522 652 594 sunt,
676 522 769 581 etiam
795 522 853 600 ipsi
876 523 1061 600 argumento
1086 525 1159 584 aunt
1181 539 1237 584 re·

120 628 348 690 surrectionem
371 647 432 691 non
455 633 589 709 propter
617 629 765 690 iudicium
791 630 880 707 fleri,
908 631 936 691 si
955 632 1105 709 primaria
1139 647 1236 693 causa

120 738 301 814 spectetur,
330 740 388 799 scd
417 742 551 818 propter
580 739 752 801 conditoris
782 740 1001 801 consiliumet
1029 755 1134 800 rerum
1157 755 1235 802 con-

117 845 255 907 ditarum
281 855 434 908 naturam.

208 959 258 1015 15.
281 956 428 1026 Quamvis
451 960 554 1019 autem
578 960 723 1036 spectata
741 959 772 1018 in
788 959 943 1020 hominum
960 961 1120 1021 creatione
1138 975 1235 1021 censu
1303 1035 1306 1041 ,

121 1065 340 1126 demonstrare
361 1067 415 1127 vei
436 1069 506 1128 scia
522 1069 626 1146 possit
640 1069 902 1130 resurrectionem
925 1070 1061 1130 naturali
1079 1069 1162 1130 serie
1180 1086 1235 1131 se-

120 1175 176 1250 qui
207 1174 363 1235 dissoluta
385 1192 538 1255 corpora,
567 1193 698 1254 aequum
731 1182 833 1238 tamen
872 1179 951 1253 [cst]
984 1181 1019 1239 ut
1046 1180 1163 1241 nullam
1193 1194 1235 1239 ex

120 1284 297 1359 propositis
320 1286 496 1346 rationibus
519 1286 733 1365 defugiamus,
762 1287 819 1346 ead
847 1289 1070 1348 convenienter
1094 1289 1133 1349 iis
1154 1304 1235 1365 quae

121 1391 273 1468 diximus,
293 1393 344 1453 hia
366 1391 417 1471 poi
439 1412 498 1473 per
517 1411 552 1455 se
574 1397 758 1473 perspicere
778 1412 841 1456 nnn
862 1400 1012 1476 possunt,
1035 1378 1236 1459 demonstre-

121 1518 191 1563 mus
208 1502 283 1579 quid
297 1519 502 1581 unaquaeque
521 1521 575 1564 ras
591 1521 631 1564 ex
648 1505 723 1565 aliie
740 1522 953 1584 consequens,
977 1505 1117 1586 inprimis
1131 1509 1237 1568 autem

122 1611 197 1686 quid
222 1611 379 1674 huminum
401 1617 531 1691 natura,
561 1631 641 1690 quae
673 1616 706 1674 in
731 1616 871 1676 eamdam
894 1618 1052 1677 notionem
1076 1618 1163 1678 ducit
1178 1633 1236 1677 nec

122 1722 222 1782 minna
237 1722 325 1783 valet
346 1725 388 1784 ad
402 1725 626 1786 adstruendam
642 1726 923 1802 resurrectionem,
945 1725 1063 1785 habeat
1081 1727 1237 1786 momenti.

123 1807 201 1892 Nam
222 1832 250 1891 si
265 1833 365 1893 omnis
387 1835 590 1894 communiter
609 1833 765 1894 homiuum
785 1835 898 1894 natura
919 1850 960 1894 ex
983 1835 1085 1894 anima
1109 1835 1238 1895 immor·

123 1942 183 2001 taii
205 1944 330 2002 constat
352 1945 385 2003 et
406 1959 542 2020 corpore
566 1943 650 2019 quod
674 1960 742 2004 cum
763 1944 864 2003 anima
883 1944 915 2002 in
930 1946 1092 2005 creatione
1107 1946 1239 2005 coniun-

123 2054 206 2112 ctum
223 2050 299 2128 suit,
321 2068 359 2112 ac
380 2068 482 2128 neque
504 2055 636 2113 naturae
658 2053 779 2113 animae
793 2069 853 2130 per
870 2053 1007 2130 seipsam
1023 2056 1078 2114 aut
1094 2055 1239 2131 corporis

123 2165 256 2222 naturae
286 2162 457 2238 separatim
488 2163 567 2222 deus
597 2161 751 2222 eiusmodi
779 2163 970 2223 creationem
997 2167 1053 2223 aut
1080 2164 1177 2224 vitam
1206 2167 1253 2226 et*

124 2274 222 2332 totam
249 2271 337 2330 vitae
357 2272 511 2332 rationem
536 2272 725 2349 destinavit,
755 2272 812 2331 sed
831 2273 1017 2350 compositis
1041 2290 1081 2333 ox
1103 2276 1241 2350 utroque

123 2380 319 2456 hominibus,
339 2380 390 2457 ut,
412 2380 525 2457 quibus
556 2397 597 2441 ex
616 2382 712 2443 rebus
730 2382 877 2442 coustant
897 2397 989 2458 quum
1013 2384 1185 2461 gignuntur
1207 2386 1241 2444 et

123 2491 250 2566 vivunt,
285 2505 354 2550 cnm
373 2489 486 2550 iisdem
514 2491 555 2550 ad
579 2507 671 2552 unum
706 2491 842 2568 aliquem
869 2493 902 2551 at
926 2508 1116 2554 communem
1148 2494 1240 2554 finem

124 2596 190 2662 vitri
210 2595 341 2677 peracti
360 2599 564 2676 perveniant:
594 2616 724 2662 necesse
747 2602 797 2661 cst
819 2601 943 2662 omnino
968 2604 1128 2691 ut‚yquum
1147 2619 1240 2664 unum

124 2712 167 2771 sit
184 2726 227 2771 ex
247 2709 389 2785 utrisque
413 2709 547 2789 animal,
572 2711 657 2786 quod
678 2712 798 2787 petitur
819 2727 1031 2789 quaecumque
1054 2713 1157 2773 anima
1180 2729 1238 2791 pa·
1278 2699 1283 2708 ⁸

76 2843 84 2858 ·
124 2822 204 2880 titur
218 2821 251 2879 et
267 2835 394 2896 corpus,
421 2821 454 2878 et
470 2819 553 2895 quod
574 2821 728 2897 operatur
743 2823 776 2880 et
794 2822 920 2898 pertinit
935 2837 1148 2898 quaecumque
1165 2839 1241 2882 sen·

125 2945 215 2989 snum
239 2930 294 2989 aut
317 2928 450 2988 rationis
473 2928 588 2989 iudicio
612 2930 827 3006 continentur,
855 2933 924 2989 tota
957 2930 1109 2992 eiusmodi
1135 2948 1239 2992 rerum

126 3135 178 3190 ads
194 3131 410 3202 ἆνακαινισμόν,
430 3136 477 3190 ἵνα
493 3132 532 3205 μὴ
551 3135 581 3202 ἐξ
598 3131 666 3206 ἡμι-
702 3139 820 3191 munatio:
839 3138 871 3192 ei.
891 3154 913 3191 e.
926 3138 952 3191 5.
971 3138 1036 3203 mi,
1054 3138 1133 3191 c.12.
1153 3155 1179 3190 u.
1195 3140 1237 3194 15.

127 3221 204 3297 ccicc
235 3215 291 3274 ἄλλ’
326 3214 477 3289 ὁλόκληρος
513 3215 667 3288 ἄνθρωπος
700 3221 745 3287 27,
765 3238 787 3274 c.
806 3222 847 3275 13.
873 3222 955 3276 n.1c.
990 3223 1105 3276 Nunnius
1127 3222 1240 3292 yssopi-

127 3304 178 3375 τὴν
197 3303 228 3373 ἐξ
244 3296 280 3361 οὖ
298 3307 442 3376 προῆλθεν
460 3307 500 3368 ele
518 3301 667 3374 α’τελεότη·
702 3325 761 3375 cpe.
796 3306 858 3360 dica
874 3308 901 3360 in
914 3308 980 3376 Arg.
994 3322 1072 3376 snpra
1089 3307 1240 3376 pensem

127 3411 179 3448 eos
217 3389 356 3462 λαμβάνοι
380 3388 527 3459 διαμονήν.
569 3389 667 3445 iicdem
702 3398 742 3444 est
759 3392 805 3460 pte
822 3392 960 3459 scriptum,
979 3397 1007 3445 ui
1024 3391 1150 3459 pienum
1169 3392 1240 3460 iega-

126 3481 278 3543 ammento
306 3477 349 3531 alii
377 3491 478 3546 quoque
507 3481 594 3546 patres
626 3476 667 3528 usi
701 3483 760 3531 ture
787 3475 813 3528 id
836 3474 902 3543 quud
926 3474 1059 3530 evidenter
1083 3477 1192 3530 habetur
1215 3477 1241 3530 in

126 3568 203 3627 aunt,
222 3576 286 3630 qnos
308 3561 407 3615 laudavi
428 3561 459 3615 ad
482 3561 572 3614 tustini
591 3561 667 3613 itari.
701 3560 758 3629 ipsc
776 3563 849 3613 tantu
868 3559 927 3612 Par.
945 3559 962 3613 3
979 3565 1006 3615 et
1023 3560 1091 3614 Olet.
1103 3560 1135 3614 ‘2

126 3647 166 3700 De
184 3661 283 3699 resurr.
301 3662 323 3699 c.
343 3645 368 3698 8.
388 3663 413 3698 n.
432 3645 450 3698 8
466 3646 559 3713 (corp.
581 3643 667 3713 Apoll.
770 3644 796 3697 8.
816 3644 870 3707 δεη
892 3645 952 3699 Aet.
970 3643 1016 3714 δὴ.

126 3730 181 3784 Vni.
200 3731 263 3797 lli).
280 3745 308 3798 p.
327 3728 389 3784 234.
770 3727 795 3783 9.
813 3730 865 3783 τοῦ
888 3727 948 3793 aui]
974 3731 1019 3786 Sic
1042 3730 1114 3786 codd.
1132 3730 1191 3783 utsii
1215 3734 1253 3794 et,

196 3813 223 3868 d.
241 3811 322 3887 θεὸς]
341 3815 409 3868 Giar.
427 3816 445 3869 2
463 3809 479 3870 ὁ
495 3811 574 3876 θεὸς.
701 3814 832 3867 Marsuas.
858 3814 1155 3869 nanturiacensem
1170 3813 1241 3868 Naa-

198 3899 223 3951 7.
242 3899 417 3968 γενομένοις]
443 3901 508 3966 Arg.
531 3895 668 3966 praecopi-
702 3899 760 3951 nius
779 3899 833 3953 τοῦ
851 3900 1001 3954 eminerent.
1037 3897 1157 3952 Editores
1183 3912 1242 3949 cac·

127 4003 189 4047 cone
220 3989 247 4038 et
272 4000 353 4054 snpra
381 3986 472 4038 lineam
496 3978 666 4052 γενομένοις.
702 3983 752 4036 teni
782 3983 831 4040 uni
862 3986 932 4050 τοῦ,
960 3981 1127 4050 transpositis
1151 3993 1243 4032 errore

126 4069 263 4138 Frequens
274 4075 315 4123 est
327 4070 460 4137 utriusque
470 4064 584 4121 rembolt
597 4079 667 4120 com·
702 4069 797 4125 uerbis.
