2708 4666
181 220 225 266 xx
519 189 906 262 PROLEGOMENA.

182 368 393 460 peculiares,
425 364 597 433 adimam
620 375 734 433 tamen
764 362 991 451 eamdemque
1021 361 1185 429 familiam
1214 383 1299 453 per-

182 494 311 563 tinent:
335 492 372 559 id
395 491 492 580 quod
517 512 560 559 ex
587 489 766 582 permultis
792 489 939 579 patescit
962 488 1114 573 indiciis,
1142 488 1301 579 inprimis

182 643 225 689 er
251 620 474 688 consensione
499 619 686 685 lectionum
719 615 928 683 creberrime
955 615 1161 707 conspicuat
1195 616 1300 683 nimi-

184 769 259 815 rum
286 769 329 813 ex
368 744 581 813 Bononiensi
615 743 667 832 (a.
698 739 819 829 1533)
848 741 982 809 effluxit
1007 741 1214 810 sictonensis
1246 741 1303 831 (a.

183 872 304 962 1534)
331 883 435 960 atque
460 892 504 936 ex
529 869 692 937 alterutro
711 866 880 934 Parisinus
899 867 922 934 2
939 867 991 956 (a.
1014 866 1157 956 1539);
1186 876 1302 935 utrum

182 1009 295 1067 autem
318 997 492 1066 Prisianus
517 996 580 1085 (ex
606 992 760 1081 Veneto)
785 992 879 1083 prius
904 1016 1006 1082 quam
1026 992 1207 1086 exemplar
1224 993 1300 1063 Bo-

183 1125 346 1194 noniense
371 1124 517 1214 scriptus
549 1124 602 1207 sit,
630 1143 692 1187 nec
720 1142 777 1204 ne,
809 1119 846 1185 id
874 1141 945 1186 non
970 1121 1089 1210 liquet

283 1250 355 1317 lam
378 1249 445 1316 alia
468 1247 637 1316 accedunt
667 1244 817 1313 subsidia
844 1244 980 1332 critica,
1014 1246 1138 1335 quibus
1162 1246 1199 1314 in
1224 1268 1303 1315 mea

184 1376 334 1444 editione
358 1398 437 1443 usus
467 1355 553 1444 sum.
617 1372 755 1440 Etenim
796 1372 970 1462 permulta
1003 1394 1045 1440 er
1079 1393 1189 1463 opere
1225 1371 1304 1441 Ta-

182 1504 309 1587 tianeo,
333 1525 383 1569 cc.
408 1501 452 1569 31
487 1511 523 1568 et
546 1499 596 1567 36
610 1498 730 1579 --432
754 1497 978 1567 Eusebius
998 1499 1189 1589 episcopus
1210 1499 1303 1568 Cae·

184 1627 338 1697 soriensis
372 1628 407 1692 in
426 1622 745 1716 ,Praeparationis
779 1624 1011 1716 evangelicoe
1051 1624 1111 1691 lib.
1139 1623 1184 1692 X
1223 1647 1302 1715 cap.

186 1754 230 1820 11
261 1750 510 1841 transscripsit,
558 1752 606 1817 ita
630 1749 790 1839 quidem,
822 1761 861 1817 ut
895 1749 1067 1817 interdurn
1104 1751 1303 1842 interpretis

184 1887 242 1945 aut
274 1875 504 1944 emendatoris
544 1874 755 1967 provinciam
789 1876 995 1968 susciperet:
1054 1876 1089 1942 in
1126 1877 1303 1945 nonnullis

183 2002 313 2071 librarii
338 2001 525 2070 Eusebiani
556 2011 796 2093 peccaverunt.
849 2001 969 2090 ltaque
993 1999 1079 2069 mihi
1104 2000 1175 2068 hoc
1199 2024 1303 2071 curae

184 2129 249 2197 fuit
272 2140 310 2196 ut
338 2128 423 2197 duas
449 2127 618 2217 „Eusebii
649 2127 823 2220 Pamphili
843 2125 1119 2218 praeparationis
1146 2149 1303 2221 evauge-

184 2257 297 2322 licae“
324 2254 491 2322 editiones
527 2255 648 2323 sedulo
686 2254 900 2335 conferrem,
949 2274 1037 2341 quae
1071 2252 1195 2322 eodem
1227 2253 1302 2321 iere

185 2391 342 2470 tempore
370 2379 590 2470 prodierunt:
618 2378 927 2447 Heinicheuianam
952 2387 987 2445 et
1013 2377 1302 2448 Guisfordianam.

185 2506 239 2571 Ac
265 2503 583 2572 Heiniclrenus
621 2505 779 2594 quidem,
828 2505 1000 2596 gymnasii
1025 2505 1303 2573 Annaemoutani

186 2637 378 2723 protector,
439 2627 534 2695 illam
563 2629 865 2720 Praeparatiouem
897 2631 1133 2722 evangelicam
1163 2629 1303 2721 Lipsiae

187 2780 218 2821 a.
247 2753 345 2821 1842
369 2775 418 2840 sq.
443 2752 483 2841 (2
510 2752 632 2841 Tom.)
659 2755 767 2824 edidit
792 2757 837 2825 ad
861 2757 1082 2848 Vigor-ianam
1107 2766 1220 2824 textus
1245 2778 1302 2825 ro-

188 2879 383 2947 censiouem
413 2879 559 2947 maxime
592 2880 854 2963 conformatam
901 2880 1173 2951 (iaisfordus
1205 2903 1302 2962 vero,

188 3007 328 3099 linguae
352 3028 497 3098 graecae
524 3005 560 3070 in
584 3005 759 3073 academia
784 3004 971 3076 Oxonieusi
990 3007 1177 3101 professor,
1204 3028 1303 3075 eam-

188 3133 267 3203 dem
298 3132 600 3223 Praeparstionem
637 3132 871 3222 evangelicam
907 3131 1034 3201 Oronii
1065 3158 1097 3200 a.
1130 3112 1228 3201 1843
1261 3133 1305 3221 (l

189 3258 310 3345 Tom.)
334 3258 505 3326 recensuit
532 3257 576 3324 ad
604 3257 741 3325 codices
770 3258 1029 3348 manuscriptos,
1054 3279 1202 3347 quorum
1234 3280 1304 3350 ope

188 3391 317 3449 textum
345 3383 524 3473 vulgatum
553 3406 656 3475 saepe
684 3383 888 3451 emendavit.
940 3381 996 3449 Ex
1020 3406 1163 3451 numero
1188 3393 1304 3455 autem

189 3506 346 3574 codicum
370 3508 603 3596 integrorum,
645 3509 777 3600 quippe
807 3509 866 3597 qui
907 3509 1032 3576 librum
1069 3510 1172 3576 etiam
1193 3510 1305 3580 Prae-

187 3632 372 3723 parationis
400 3631 571 3698 decimum
607 3634 653 3720 (c.
688 3635 752 3720 11)
784 3635 1071 3725 complectantur,
1119 3635 1199 3703 laice
1226 3647 1307 3705 sunt

188 3757 416 3826 memorandi:

287 3864 313 3951 14
342 3882 536 3952 Persam
552 3883 795 3953 Bibliothecae
818 3885 1005 3953 Nasones
1029 3909 1062 3952 n.
1091 3885 1166 3951 sce
1194 3907 1305 3954 mem-

185 4008 386 4095 branaceus,
423 4012 559 4078 saeculo
590 4012 674 4079 xlv
700 4019 846 4079 exeunte
879 4010 1114 4101 pulcherrime
1146 4011 1305 4103 scriptus.

186 4174 235 4185 —
268 4135 333 4205 Est
362 4135 546 4205 Gaislordo
574 4137 651 4204 cod.
688 4136 727 4226 C,
752 4137 836 4203 milri
860 4136 959 4204 [lus.
980 4137 1074 4205 Par.
1103 4137 1134 4202 1.
