2708 4666
485 166 872 315 raonuoonaul.
1117 238 1232 291 xxm

118 406 354 480 meoticas
396 409 632 475 mortuorum.
690 404 883 484 Accedunt
924 401 1055 475 Latius
1088 403 1233 494 ,versia

113 531 417 622 emendationes,
445 530 651 599 variantes
667 529 862 622 lectiones,
885 527 1140 599 annotationes
1170 535 1234 600 at-

119 677 196 746 que
228 655 369 749 indices
405 653 616 723 necessarii.
668 652 766 723 Cura
801 660 840 722 et
879 630 1001 722 studio
1031 651 1234 722 Euenum

120 781 352 871 Decurre,
388 777 435 847 A.
463 776 514 846 Μ.
542 774 725 870 oronim,
760 797 781 847 e
805 777 952 846 theatro
975 776 1234 847 Sheldoniano.

123 902 235 975 Anno
260 905 355 972 dom.
388 900 521 972 1706st
562 895 610 971 8⁰·
650 900 691 971 lu
727 900 959 990 praefatione
987 903 1034 971 ad
1058 903 1235 971 lectorem

123 1028 234 1105 dicit:
274 1026 455 1118 ‚,'l'oxtum
491 1025 654 1096 auctoris
687 1024 805 1095 nostri
836 1044 933 1096 anno
962 1026 1058 1095 1557
1087 1026 1235 1117 editum,

120 1152 188 1244 qni
222 1151 378 1222 omnium
422 1149 717 1221 accumtissimus
757 1149 863 1219 nobis
901 1150 1114 1242 videbatur,
1155 1168 1236 1221 cum

119 1278 272 1348 ἀποδω
306 1275 520 1365 legationis
555 1271 665 1345 MSS.
692 1292 785 1362 quos
819 1275 1059 1346 celeberrima
1094 1272 1236 1343 Bodleii

124 1398 358 1472 Binliotheoa
378 1400 476 1490 apud
491 1396 720 1485 Oxonicnscs
740 1399 910 1493 continet,
937 1401 1134 1491 diligenter
1147 1419 1236 1470 cou-

124 1526 294 1616 tulimus,
332 1525 551 1595 variantium
585 1524 782 1595 lectionum
808 1533 985 1614 quotquot
1009 1525 1121 1596 ullius
1155 1545 1236 1595 mo-

122 1648 240 1723 nenti
266 1648 372 1721 nobis
391 1668 474 1719 esse
488 1628 605 1719 ⁸visae
637 1656 720 1720 sunt
742 1648 838 1719 infra
865 1657 1002 1720 textum
1027 1650 1236 1723 immediate

125 1773 411 1866 collocavimus,
443 1792 513 1861 quo
543 1773 583 1844 iu
612 1774 695 1845 loco
728 1774 836 1843 ctiam
871 1780 910 1845 ot
935 1776 1091 1847 aliorum
1124 1774 1236 1849 MSS.

126 1900 306 1972 monos
322 1897 529 1989 posuimus:
549 1899 715 1969 nimirum
724 1897 803 1970 MS.
823 1899 934 1970 totius
942 1900 1103 1970 auctoris
1120 1898 1237 1970 nostri

127 2026 190 2115 qui
213 2020 368 2094 Parisiis
397 2028 457 2093 cst
485 2024 523 2094 iu
553 2023 784 2094 Bibliotheca
810 2022 922 2114 Regis
950 2023 1150 2095 Galliarum
1177 2024 1238 2110 [z

128 2145 523 2240 Par.1il],divcrsi
555 2149 695 2219 abillo
727 2168 835 2236 quem
867 2147 1055 2238 Stephano
1088 2149 1237 2238 legendi
1307 2141 1313 2152 ’

119 2274 238 2366 <copia
269 2279 371 2365 orat,
415 2276 624 2362 nonnullas;
661 2294 769 2361 quam
800 2272 975 2362 plurimas
1010 2280 1131 2343 autem
1154 2270 1236 2344 MS.

128 2392 320 2486 utriusque
359 2396 541 2468 orationis
583 2396 847 2486 Athenagorae
877 2397 939 2484 qui
971 2395 1111 2468 Etouac
1149 2395 1239 2467 ost“

126 2518 355 2612 scripturam
375 2523 564 2612 vulgatam
597 2521 634 2590 io
653 2522 753 2591 locis
785 2522 1000 2609 quibusdam
1020 2520 1237 2620 emendavit,

128 2665 288 2739 perraro
319 2645 465 2733 quidem
490 2647 627 2736 inipso
654 2648 775 2717 textus
794 2666 970 2740 corpore,
999 2654 1039 2717 at
1059 2647 1238 2736 frequen-

127 2771 202 2843 ties
226 2770 267 2839 in
290 2769 387 2839 notis
418 2770 535 2839 textui
561 2771 746 2841 subiectis.
796 2771 1001 2841 Versioncs
1025 2774 1122 2860 quod
1149 2772 1239 2842 atti-

123 2901 209 2987 net,
231 2912 327 2984 quae
345 2890 500 2963 Gesneri
523 2900 581 2963 est
600 2893 886 2987 supplicationi,
910 2896 1007 2964 libro
1029 2894 1081 2964 lle
1110 2916 1239 2967 resur·

124 3019 296 3089 rectione
325 3017 426 3087 illam
453 3016 591 3087 Nauuii
620 3018 811 3107 apposuit:
849 3036 941 3106 quus
970 3024 1088 3088 tamon
1118 3019 1239 3087 multis

128 3142 224 3215 locis
255 3141 428 3211 correxit
488 3138 645 3212 'l'oxtum
677 3140 845 3232 insuper,
886 3147 949 3233 „ut
982 3142 1035 3211 ita
1067 3140 1238 3210 divorsae

126 3282 222 3357 quus
239 3273 377 3337 tractet
401 3268 533 3336 auctor
557 3275 685 3336 noster
701 3266 878 3334 materiae
902 3264 1021 3353 magis
1039 3262 1239 3356 paterout“‚

128 3394 166 3461 in
191 3389 376 3460 sectiones
401 3389 546 3480 divisit3
578 3388 863 3480 supplicationis
890 3397 974 3457 suut
995 3388 1067 3480 31,
1094 3388 1145 3457 lle
1174 3408 1240 3458 re-

127 3513 360 3585 surrectione
385 3515 444 3584 18.
496 3513 669 3583 Virorum
697 3515 889 3583 doctorum
909 3512 945 3580 in
964 3512 1241 3603 Athenagoram

129 3646 240 3711 notas
257 3614 425 3709 exhibuit
457 3655 618 3725 suasque
652 3637 802 3705 addidit.
855 3634 978 3728 „luter
1001 3635 1087 3704 illas
1119 3643 1241 3706 autem

122 3769 214 3833 snt
248 3763 430 3850 quaedam
465 3779 601 3852 graece
627 3778 651 3828 a
676 3759 830 3829 reconti—
847 3760 1005 3847 quodam
1029 3758 1241 3831 Scholiasta

127 3885 380 3977 conscriptae,
404 3904 497 3973 quae
523 3903 569 3952 ex
596 3882 674 3951 MS.
698 3883 763 3952 illo
790 3881 908 3971 Regio
931 3879 1134 3952 Parisiensi
1159 3888 1242 3952 sunt

122 4013 333 4100 comatae,
358 4027 533 4099 quasque,
560 4008 613 4076 uti
634 4013 673 4075 et
695 4005 884 4076 variantes
901 4005 1000 4074 illius
1023 4012 1061 4075 et
1075 4006 1242 4074 litones-

126 4137 180 4208 sis
205 4135 320 4213 etiam
345 4133 425 4204 MS.
443 4150 573 4207 omues
595 4128 793 4223 lectiones,
820 4148 974 4218 quorum
997 4127 1241 4218 posteriorem
