2708 4666
321 213 377 278 DR
397 213 732 279 RESURRECTIONE
747 216 1005 282 mortuorunt
1162 216 1223 301 211
1293 228 1297 234 '

110 404 151 450 ea
174 389 293 448 tantum
314 403 395 464 quae
420 387 502 447 omui
521 385 665 447 eootiono
688 367 865 465 expurgata
880 392 913 449 ot
933 389 975 450 ul
989 391 1143 455 ainoerum
1158 409 1227 456 auru

110 502 201 560 eerto
220 498 353 574 quodam
379 511 515 575 eorpore
531 497 832 572 coagmentationem
853 493 1012 559 immutata
1029 504 1061 560 et
1079 501 1236 579 partibua

111 608 288 670 nubienulio
302 606 535 667 aooommodata
546 606 606 664 ait:
623 605 724 682 liquet
738 606 968 684 nihilumquam
983 625 1002 668 a
1018 589 1223 673 naturaalie·

110 734 182 778 num
202 733 271 777 oum
287 717 325 776 iis
346 717 595 793 coagmentatum
610 714 649 773 iri
663 715 773 790 quibua
787 731 846 776 neo
861 719 967 794 aptum
982 734 1041 779 neo
1054 734 1224 797 congruum

111 829 163 887 eet
178 826 375 902 alimentum,
406 826 464 885 aed
481 827 536 885 aut
549 825 677 885 erudum
692 826 724 884 et
739 827 920 902 corruptum
931 841 990 904 per
1003 828 1104 905 ipaam
1119 828 1224 893 alvum

111 936 201 1015 eiiei,
224 937 390 1010 antequam
411 934 506 994 alium
527 934 703 1011 quampiam
722 951 847 995 uuooum
868 935 993 1015 gignat,
1014 938 1083 1014 aut,
1103 937 1132 997 ai
1152 938 1225 1009 uliu-

111 1045 174 1106 tius
192 1045 363 1119 ooneiatat,
382 1043 526 1103 dolorem
549 1043 589 1102 ab
609 1058 648 1102 eo
666 1043 752 1121 gigni
769 1044 801 1103 at
817 1044 957 1104 morbum
973 1045 1027 1104 vix
1043 1047 1225 1127 curabilem,

111 1155 165 1232 qui
195 1157 251 1214 aut
281 1149 383 1214 eibum
405 1154 537 1212 naturae
561 1155 784 1229 congruentem
808 1155 864 1213 aut
891 1153 991 1232 ipsam
1015 1170 1139 1216 earnem
1162 1151 1225 1217 uli·

111 1266 217 1325 monto
241 1264 385 1339 egentem
414 1262 597 1339 corrumpit.
645 1260 709 1321 Sed
732 1262 855 1322 etiamsi
884 1263 1024 1340 pellatur
1045 1264 1225 1343 aliquando,

110 1377 166 1435 aut
189 1371 374 1450 quibusdum
397 1370 631 1430 medioamentia
649 1373 710 1459 aut
723 1370 802 1430 oibia
820 1371 1003 1433 melioribus
1019 1374 1074 1432 aut
1088 1370 1226 1456 laoultass

111 1483 199 1544 tibus
218 1479 415 1542 naturalibus
430 1481 631 1557 superatum,
651 1494 713 1540 non
727 1479 795 1540 aine
811 1496 924 1557 magno
944 1480 1079 1544 uliaooulit
1099 1482 1225 1563 mnu,

111 1593 232 1670 quippo
255 1606 347 1666 quum
368 1587 448 1651 nihil
470 1587 632 1665 paoileum
652 1587 736 1647 terat
748 1589 788 1647 iia
804 1605 885 1665 quae
900 1590 1069 1661 seeundum
1083 1593 1225 1655 naturam

110 1702 202 1777 aaut,
230 1701 405 1777 propterea
428 1697 513 1773 quod
528 1712 597 1756 oum
620 1699 732 1758 natura
753 1697 936 1759 ooaleeeere
951 1714 1013 1759 non
1028 1700 1142 1777 posuit.

200 1895 231 1954 i.
254 1891 384 1953 Omnino
409 1892 513 1951 autem
542 1888 666 1950 etiamsi
690 1889 759 1966 quia
778 1890 932 1953 oonoedat
954 1891 1165 1955 intromissum
1186 1909 1227 1955 ex

112 2002 269 2067 eiusmodi
289 2000 386 2062 rabua
410 2000 588 2060 alimentum
607 1999 666 2074 (ita
688 2000 768 2059 enim
796 2000 977 2079 appelletur
992 2001 1227 2083 eonsuetudioia

112 2109 245 2191 eausa),
267 2125 450 2187 quamquam
473 2111 604 2186 praeter
627 2110 769 2170 naturam
797 2110 858 2188 eit,
880 2111 1004 2172 eouerui
1024 2114 1057 2171 ot
1071 2108 1227 2175 immutari

112 2222 145 2282 in
168 2221 288 2297 aliquio
310 2219 468 2280 bumiulum
492 2219 548 2279 aut
562 2217 679 2278 aioouru
699 2222 754 2280 aut
772 2220 906 2281 ualidum
928 2222 983 2281 aut
1003 2218 1169 2298 trigidum,
1187 2238 1228 2306 no

113 2331 160 2391 aie
181 2330 308 2406 quidem
335 2328 386 2389 bis
409 2327 570 2395 eoneesaia
591 2328 758 2404 quidquam
779 2329 1026 2410 promovebunt,
1053 2307 1228 2409 propteroa

115 2439 200 2516 qaeu
230 2437 430 2516 resurgentia
453 2452 589 2514 oorpora
614 2452 655 2496 ex
680 2437 820 2514 propriis
844 2437 959 2498 iterum
982 2439 1128 2516 partibus
1149 2457 1227 2525 eone

114 2550 217 2624 atem,
239 2548 325 2608 nulla
341 2548 444 2607 autem
465 2562 571 2604 aarum
587 2561 783 2621 rerumquae
802 2546 936 2607 diximus
950 2564 1027 2624 para
1052 2549 1226 2627 [eorporis]

115 2658 174 2733 eit,
196 2672 300 2732 neque
322 2654 423 2733 partia
454 2653 592 2730 speeiem
618 2657 671 2712 aut
701 2652 803 2714 locum
829 2658 982 2734 oeenpet,
1012 2656 1103 2716 immo
1127 2674 1229 2735 noque

116 2781 243 2844 semper
265 2765 296 2823 iu
319 2764 463 2842 partibus
486 2762 632 2839 eorporis
655 2761 835 2823 alimentum
858 2763 1083 2845 aoeipientibua
1100 2781 1230 2843 parma·

117 2877 206 2950 neat,
229 2889 332 2949 neque
353 2889 421 2933 eum
443 2871 683 2948 resurgentibus
705 2873 869 2947 resurgat,
889 2871 968 2931 nibil
989 2875 1053 2933 tum
1069 2873 1110 2933 aul
1131 2874 1229 2936 vitun

117 2983 302 3047 oonsoreute
324 2983 474 3060 sanguiue
489 2981 559 3040 eive
576 2980 691 3057 pituita
706 2979 775 3038 aive
789 2978 846 3037 bili
867 2980 936 3038 alvo
952 2979 1075 3056 spiritu.
1117 2976 1229 3067 Reque

186 3306 210 3358 1.
231 3304 438 3374 ξηραινόντων]
462 3306 544 3358 Nann.
562 3304 659 3372 ξηραι-
695 3297 760 3357 οὗθ’
779 3297 860 3364 ὅλως.
889 3303 939 3356 Pro
960 3297 998 3364 uia
1016 3290 1079 3371 Arg.
1102 3304 1150 3367 ale.
1173 3305 1231 3361 Non

118 3388 219 3445 νότων.
693 3380 712 3455 ἢ
730 3386 811 3452 τάξιν
829 3383 888 3441 Aet
904 3386 949 3440 aed
965 3386 1013 3441 aul
1031 3383 1137 3453 τάξιν..

185 3475 212 3529 2.
233 3469 343 3545 αόιοῖς]
362 3475 423 3527 Aet.
442 3466 539 3542 αὕτῆς.
764 3472 789 3527 a.
815 3467 1012 3538 roepopime]
1043 3473 1104 3526 Aul„
1128 3490 1232 3543 τρεφο-

185 3558 212 3611 3.
232 3553 297 3626 μὲν]
326 3559 387 3612 Aet.
413 3562 441 3610 et
457 3556 574 3636 Nauniua
595 3559 659 3612 omi·
694 3556 795 3625 μένων.

116 3647 218 3698 uruat.
763 3641 789 3693 7.
808 3640 881 3701 τοῖς]
900 3638 959 3691 l’ar.
976 3639 1000 3692 3.
1021 3639 1116 3694 clan2
1132 3645 1161 3695 et
1176 3641 1233 3697 bla-

186 3726 213 3781 4.
232 3720 331 3789 πόλιν]
350 3725 411 3777 Aet.
430 3729 457 3777 et
474 3724 589 3777 Nunnius
607 3739 659 3778 non
694 3737 773 3777 renue
791 3724 1027 3790 praetermiserunt
1143 3747 1145 3750 ·

114 3815 269 3883 quoerant.
306 3808 389 3862 Verba
416 3803 447 3862 la
471 3808 529 3862 uir
547 3808 660 3862 alariae
762 3805 789 3859 8.
818 3801 867 3870 ori]
891 3807 985 3860 Exulat
1011 3808 1042 3861 ab
1065 3808 1128 3862 Aet.
1152 3808 1235 3863 Verba

115 3910 147 3964 p.
171 3913 203 3950 π.
229 3890 444 3962 maerentem
470 3895 497 3946 iu
524 3893 589 3960 Arg.
615 3893 660 3945 ab·
695 3885 731 3944 ου’
747 3888 879 3959 χολῆςοιὶ
892 3889 1052 3960 πνεύματος
1065 3907 1117 3946 non
1135 3893 1233 3947 habau·

115 3982 187 4032 aaut.
223 3978 287 4032 Mox
310 3974 371 4047 bl,
389 3983 450 4049 poet
480 3972 615 4042 οὐδενὸς,
633 3977 660 4029 ln
696 3976 781 4028 turin
800 3975 859 4028 l'ar.
880 3977 895 4028 1
916 3980 943 4029 et
961 3977 1044 4044 Arg.;
1068 3991 1116 4031 neo
1139 3976 1232 4045 legun·

116 4061 178 4116 Aet.
197 4062 301 4116 exciuit.
696 4064 739 4113 tar
770 4054 805 4113 ori
836 4057 998 4130 morigerae
1022 4063 1049 4118 tn
1079 4061 1138 4114 Par.
1165 4059 1233 4128 bet

185 4146 213 4200 b.
231 4141 301 4206 elai
319 4142 388 4216 raia]
405 4146 465 4201 Par.
481 4147 499 4201 3
516 4149 544 4199 et
561 4143 661 4200 ciant
697 4143 765 4199 clar.
784 4143 810 4197 2.
850 4212 853 4216 ι

936 4234 1001 4303 11*
