2708 4666
350 154 405 220 DE
425 155 762 221 RESURRECTIONE
782 157 1036 223 montuosum.
1120 217 1128 224 .
1176 159 1241 225 219
1318 205 1324 211 ·

128 336 179 392 tes
200 330 356 408 dissipata
370 332 452 391 unde
468 301 600 410 primum
620 333 721 392 ortum
739 330 934 408 babuerunt,
957 348 1026 392 cum
1044 333 1083 393 iis
1106 332 1242 411 iungun-

128 446 180 503 tur
203 445 349 518 quantum
372 442 484 518 cuique
509 442 662 518 obtigerit
693 442 862 516 temporis:
896 443 1010 502 exinde
1037 445 1140 504 autem
1167 463 1241 506 rur·

126 569 183 613 sus
205 554 353 628 separata
376 550 463 611 illius
488 551 643 628 sapientia
659 554 692 610 et
712 553 889 627 potestate,
912 552 964 626 qui
983 554 1080 612 totam
1099 555 1242 615 animalis

127 666 272 722 naturam
287 661 427 738 propriis
444 657 649 720 facultatibus
664 662 868 737 temperavit,
891 676 995 720 seeum
1016 663 1148 723 invicem
1164 682 1242 724 cou-

126 771 268 831 venieuti
298 770 420 829 ratione
450 773 579 845 coeunt,
610 771 678 829 sive
702 771 774 846 igne
798 786 966 848 succensa,
990 770 1057 829 sive
1076 763 1166 847 aquis
1181 791 1242 851 pu-

126 880 283 956 trefacta,
318 879 386 938 sive
410 896 428 937 a
455 877 535 938 ieris
564 882 618 938 aut
653 879 847 955 quibuslibet
875 879 1059 938 animalibus
1083 887 1244 943 consumta

127 990 265 1066 suerint,
293 989 362 1047 sive
386 1005 462 1064 pars
484 988 590 1064 aliqua
611 1005 630 1047 a
653 991 719 1047 toto
745 1004 879 1064 corpore
902 989 1010 1047 avulsa
1035 992 1108 1049 aute
1135 995 1244 1052 caete·

126 1118 183 1160 ras
204 1099 360 1159 dissoluta
383 1097 442 1157 sit:
480 1113 585 1157 secum
609 1100 712 1157 autem
734 1097 864 1156 invicem
888 1115 998 1157 rursus
1025 1104 1243 1176 coagmentata

128 1210 271 1270 eumdem
294 1210 448 1283 occupant
468 1206 571 1266 locum
593 1207 634 1266 ad
658 1209 763 1284 aptam
791 1206 930 1265 eiusdem
954 1208 1097 1284 corporis
1113 1225 1243 1287 compo-

128 1320 276 1380 sitionem
299 1320 332 1376 et
355 1316 607 1375 constitutionem
633 1318 666 1374 et
689 1315 774 1375 illius
798 1316 882 1391 quod
903 1319 1055 1376 mortuum
1077 1320 1242 1379 autetiam

129 1427 255 1488 omuino
287 1426 473 1487 dissolutum
497 1428 567 1485 erat
593 1425 856 1484 resurrectionem
874 1427 906 1483 et
931 1426 1037 1485 vitam.
1082 1425 1166 1488 llaeo
1181 1429 1244 1506 igi·

128 1542 183 1597 tur
210 1537 356 1614 pluribus
379 1535 611 1613 persequinon
635 1535 929 1609 est‘opportunum5
960 1535 1137 1597 consessum
1163 1539 1243 1598 euim

128 1646 250 1706 babent
265 1645 420 1720 iodicium,
444 1644 557 1703 saltem
571 1643 655 1720 apud
670 1658 727 1702 eos
743 1642 796 1717 qui
814 1659 874 1701 nou
890 1649 963 1702 sunt
984 1646 1201 1707 semibelluae.

218 1798 248 1857 o.
271 1795 368 1865 Quum
400 1796 503 1855 autem
526 1794 624 1854 multa
652 1795 716 1854 siut
740 1794 781 1853 ad
804 1797 998 1871 propositam
1028 1799 1243 1873 quaestionem

130 1906 280 1982 utiliora,
310 1904 435 1964 auditos
458 1903 750 1980 impraesentiarum
776 1920 832 1963 eos
855 1905 949 1964 uolim
972 1907 1025 1983 qui
1046 1907 1087 1966 ad
1111 1906 1243 1969 bumana

115 2032 232 2094 opera
249 2013 433 2090 confugiunt
445 2014 477 2073 et
492 2013 531 2072 ad
547 2028 654 2071 eorum
670 2013 799 2089 opitices
821 2012 972 2093 homines,
995 1994 1013 2075 e
1033 2016 1144 2091 quibus
1162 2035 1242 2096 ope-

130 2144 169 2187 ra
191 2143 266 2202 sua,
298 2124 325 2183 si
345 2123 478 2184 coutrita
505 2124 559 2181 aut
580 2122 723 2199 tempore
745 2121 938 2183 labefactata
965 2128 1019 2184 aut
1041 2125 1104 2185 alia
1120 2126 1244 2189 ratione

131 2236 250 2297 suerint
271 2235 437 2310 corrupta,
460 2230 609 2291 renovari
629 2246 690 2288 nou
712 2233 862 2310 possunt,
887 2231 1000 2294 deiude
1021 2252 1061 2295 ex
1080 2237 1244 2315 figulorum

132 2474 187 2544 θῇ]
220 2472 344 2526 Similiter
368 2471 489 2528 Tatiauus
509 2473 555 2525 or.
575 2470 606 2524 ad
624 2471 672 2524 Gr.
706 2468 762 2540 μὴν
785 2468 974 2540 μιοοθήροις,
998 2474 1065 2528 unde
1088 2476 1245 2545 iuterpreta-

133 2575 156 2612 ο.
175 2557 207 2611 6.
235 2549 299 2611 Koio
316 2557 374 2624 πῦρ
392 2553 547 2626 ἐξαφαοίορ
564 2575 621 2623 μου
638 2553 671 2609 τό
707 2561 749 2609 tus
769 2562 824 2610 est:
850 2559 961 2623 „saltem
986 2561 1051 2630 spui
1069 2560 1126 2614 illes
1144 2565 1187 2630 qui
1205 2566 1245 2617 ie-

133 2645 266 2712 σαρκίον,
285 2640 503 2708 instrumentum
526 2638 577 2710 τήν
601 2636 672 2709 ὕλην
708 2642 778 2695 rinos
806 2647 832 2694 et
857 2644 995 2697 belluarum
1020 2647 1085 2698 ritus
1108 2647 1165 2702 odie
1184 2665 1246 2719 pro-

134 2725 152 2785 ὁ
171 2728 278 2796 κόσμος
295 2723 465 2795 seprienses·
492 2745 545 2780 και
569 2722 600 2780 to
616 2743 673 2778 αο-
708 2733 881 2804 sequuoturJ‘
899 2729 1044 2783 Errerem
1037 2746 1085 2783 mm
1100 2732 1247 2801 Stephanus

133 2818 252 2883 ταμοῖς,
279 2832 333 2865 κακ
355 2810 385 2865 tv
409 2805 566 2871 θαλάτταις
587 2806 673 2864 inbo—
708 2816 828 2867 correxit.
864 2814 933 2867 Valla
959 2817 1007 2869 istu
1032 2819 1151 2872 verbm.
1168 2840 1193 2888 p.
1186 2819 1247 2891 .μὴ
1327 2844 1330 2850 ·

132 2899 267 2968 ααιρθῶ,
282 2889 336 2951 και
352 2890 532 2964 {metopium
551 2896 672 2949 διαοαα-
708 2904 766 2966 μιξ
798 2900 824 2951 iu
859 2901 1023 2960 translatione
1063 2907 1244 2970 praetermisit.
1327 2957 1330 2966 ,

134 2976 215 3052 σθω,
243 2983 370 3049 ταμείοις
388 2971 674 3049 ἔκαπὸκιᾳιαικλοο-
709 2983 843 3035 Caeterum
861 2982 942 3037 sdic.
962 2983 986 3034 7.
1006 3001 1030 3036 n.
1048 2985 1090 3037 21.

134 3071 199 3125 oleo
216 3065 364 3122 δεσπότου.
394 3060 483 3120 Καὶ
469 3083 484 3118 o
504 3060 674 3132 μὲαπτωχός
777 3070 801 3119 1.
836 3068 951 3120 Πολλῶν
988 3063 1067 3121 ot’
1052 3087 1143 3124 οντων
1176 3079 1245 3139 κτα]
1340 3102 1347 3111 ,,

132 3154 182 3210 nni
210 3146 301 3212 ἄθεος
327 3144 379 3204 οὐκ
403 3147 464 3205 οἶδε
493 3147 528 3204 τοὶ
558 3145 673 3204 ducunt·
709 3151 870 3205 Scholion
896 3153 922 3204 in
947 3168 1027 3219 marg.
1052 3154 1111 3206 l’sr.
1134 3156 1148 3208 1
1169 3160 1246 3214 etl:

132 3253 219 3309 μκκα·
248 3232 319 3298 θοός
341 3233 371 3290 bi
393 3229 408 3290 ὁ
433 3233 608 3306 βασιλεύων,
626 3229 674 3288 ὅτι
702 3231 766 3292 Ὅτι
785 3235 871 3307 [deest
893 3238 919 3289 iu
943 3236 1002 3289 Par.
1020 3237 1048 3306 2]
1074 3237 1101 3292 ο1
1125 3235 1182 3297 eino
1197 3245 1248 3314 τῆς

133 3322 281 3396 βούληαι,
302 3318 354 3388 κήκ
375 3315 481 3389 ὁρατὴν
500 3314 577 3390 αὐτῷ
594 3317 674 3391 μόνῳ
709 3320 768 3376 κατ’
797 3315 971 3387 ἀνθρώπους
1002 3325 1181 3394 δημιουργῶν
1213 3327 1246 3385 ei-
1268 3346 1270 3351 ·

133 3405 294 3466 ὁκόοταοιο
310 3401 534 3474 ἀποκαταστήσει
551 3401 623 3473 πρὸς
642 3399 674 3459 to*
710 3408 830 3470 οθικοιῖς
848 3405 968 3473 ἀπορίας
986 3405 1128 3474 ἐμπεδοῦν
1144 3413 1247 3482 βουλό-

134 3491 264 3563 ἆρχαῖοκ.
708 3512 788 3563 μενοι
806 3489 838 3547 co*
858 3491 966 3546 lenonio
989 3490 1164 3550 ἆκούοτατοκ
1181 3496 1248 3568 ‹idp-

202 3579 246 3632 13.
266 3573 384 3645 otton.
403 3568 468 3629 κᾶν
709 3599 750 3648 μα
769 3575 821 3632 οὐκ
840 3576 914 3631 ἔστιν
933 3569 1002 3631 ὅσον
1027 3576 1116 3632 εἰπεῖν
1135 3577 1247 3653 ἐξυβρί-

203 3663 247 3717 11.
266 3655 418 3729 oppertae]
444 3660 508 3726 Arc.
528 3653 675 3726 ἁρμονίας·
710 3669 805 3732 tonum
824 3664 863 3725 ele
880 3660 967 3728 θεόν,
992 3662 1055 3716 ἴσον
1076 3667 1249 3734 λογιζόμενοι

203 3755 283 3819 16
264 3781 327 3832 qa.
347 3781 377 3815 ε.
391 3761 478 3823 isat]
497 3758 598 3812 onom
616 3761 677 3810 sunt
710 3746 781 3804 θιὸν
798 3749 847 3803 καὶ
866 3745 1092 3814 senorium„-
1116 3744 1249 3805 Αἰῑίοιιίοι

134 3849 242 3915 ium.
583 3885 585 3888 ⁴
711 3835 784 3898 triv,
806 3839 863 3901 pest
882 3827 988 3903 ὄντων,
1005 3835 1102 3889 deest
1095 3850 1121 3887 m
1139 3835 1200 3889 Aet.

202 3924 409 3998 16ι6κακρον]
429 3925 677 3983 Par.3et01ar.2
780 3916 872 3988 Μὴ]
890 3921 974 3973 Naso.
999 3917 1040 3974 ol.
1076 3920 1114 3973 lu
1138 3921 1250 3973 tortasse
1346 3905 1352 3913 ’

140 4009 265 4082 ἄκαιροι.
301 4015 409 4081 Negatio
425 4010 476 4081 μή,
494 4014 553 4066 aute
569 4010 678 4079 μιξο6.,
712 4001 748 4074 δή
766 4006 980 4077 conscripsero

135 4099 255 4167 nst-Arg
280 4098 364 4152 dunt.
389 4097 471 4153 liano.
491 4095 678 4165 iapitteicpa
781 4090 808 4146 3.
834 4086 881 4160 ὀμ.
907 4111 931 4146 τ.
957 4094 1067 4160 arpeo-J
1092 4089 1159 4144 Chr.
1182 4081 1249 4144 2ο·
