2708 4666
388 173 538 239 onnhlo
559 174 615 236 dl)
640 172 835 237 GRAECOS.
1128 176 1167 242 ⁴1

56 348 227 429 mysteria:
264 344 363 408 ceree
391 345 489 408 tilium
514 348 621 424 luget,
656 349 690 407 et
718 345 840 428 φιίᾱαιιι
871 362 929 427 per
957 347 1168 412 Athenienses

54 459 264 536 decipiuntur.
319 454 355 515 in
382 456 502 533 templo
532 454 686 516 Latoidos
716 457 769 519 est
794 458 885 519 locus
914 458 967 535 qui
996 459 1168 539 Omphalna

36 568 185 631 sdicitur:
210 560 382 643 Omphales
406 567 510 626 autem
538 566 718 642 sepulcrum
744 568 795 626 est
823 564 949 628 Bacchi.
1005 567 1113 630 Laudo
1135 573 1169 631 te

56 693 152 753 nanc,
196 691 215 737 o
246 673 396 752 Daphne:
435 669 521 735 victui
547 673 708 752 Apollinis
738 672 980 754 intemperantiai
1005 672 1170 741 convicisti

57 787 124 849 eius
149 783 390 860 divinationem,
412 784 539 862 -quippe
565 800 658 860 quum
687 785 736 845 rei
762 784 821 846 tibi
844 788 1017 846 eventurae
1039 787 1169 864 ignarus

58 893 192 959 deuotum
215 909 257 953 ex
280 895 350 953 arte
371 909 430 955 aua
455 909 517 955 non
536 895 727 971 perceperit.
772 893 867 956 Dicat
887 895 964 955 mihi
982 911 1064 956 nunc
1090 896 1169 956 emi·

58 1018 112 1067 ens
140 1002 285 1063 iaculans
312 1001 450 1081 Apollo,
496 1002 651 1078 quomodo
680 1000 889 1081 Hyacinthum
920 1003 1089 1082 Zephyrus
1110 1019 1170 1066 oc··

60 1112 179 1174 doerit
224 1110 390 1194 Zephyrus
412 1127 483 1172 enm
502 1111 593 1185 vicit;
622 1113 672 1188 et,
693 1128 786 1188 quum
806 1112 946 1190 tragicus
968 1120 1065 1191 poeta
1084 1112 1170 1175 dicat

108 1292 118 1307 ο
213 1216 306 1282 Aure
329 1215 461 1283 deornm
481 1215 659 1282 uehiculum
671 1217 951 1301 pretiosissimam,

61 1333 126 1409 ipse
146 1331 188 1392 ah
212 1330 329 1407 exigua
351 1341 429 1391 aura
452 1328 555 1391 vietus
578 1329 719 1407 perdidit
741 1347 832 1406 quem
853 1332 988 1392 amahat.

144 1550 173 1609 ii.
202 1549 296 1610 'iales
328 1553 402 1612 sunt
432 1551 619 1624 daemones;
666 1549 699 1609 hi
727 1551 801 1610 suut
826 1551 879 1626 qui
907 1549 1006 1610 iatum
1037 1549 1169 1610 definie-

61 1662 141 1721 runt.
181 1658 377 1721 Elemeutum
396 1663 501 1722 autem
522 1660 562 1720 iis
589 1658 651 1720 ihit
676 1660 855 1722 animalium
881 1660 914 1719 in
944 1659 1035 1721 coeto
1065 1659 1169 1719 collo·

61 1771 152 1830 catio.
202 1769 280 1830 Nam
303 1768 469 1846 animalia,
508 1769 691 1844 quibuscum
715 1771 806 1831 coelo
833 1770 926 1831 eiecti
947 1769 1116 1847 degebant,
1138 1767 1171 1827 in

61 1880 157 1940 terris
184 1879 327 1956 repentia
357 1879 412 1939 vet
443 1879 475 1937 in
502 1878 592 1955 aquis
614 1878 754 1938 mtantia
776 1881 830 1942 vel
853 1880 886 1940 in
909 1880 1066 1941 montibus
1090 1894 1170 1954 qua·

63 1989 237 2067 drupedes,
272 1987 406 2049 coelesti
431 1986 552 2047 honore
582 1988 702 2065 dignati
726 1991 816 2069 sunt,
860 1990 896 2049 ut
922 1989 986 2067 ipsi
1011 1989 1043 2048 iu
1079 1987 1170 2047 coelo

20 2096 23 2113 '
62 2099 186 2159 versari
209 2097 465 2157 existimarentur
486 2098 519 2156 et
547 2097 643 2156 vitam
675 2099 818 2158 interra
845 2097 1012 2157 aratione
1037 2095 1171 2155 alienam

61 2207 177 2268 rationi
201 2209 442 2268 consentaneam
471 2222 544 2266 esse
573 2223 631 2284 per
660 2207 797 2268 siderum
824 2204 1012 2285 positionem
1035 2220 1171 2281 persua·

65 2316 182 2379 dorem.
225 2314 335 2394 itaque
357 2316 515 2379 animosus
533 2316 567 2377 et
585 2315 709 2393 lassus,
725 2294 771 2377 ¹et
797 2319 977 2395 temperans
1001 2314 1034 2376 et
1057 2314 1170 2375 intem·

20 2578 24 2597 ‚
67 2544 137 2598 qnam
152 2531 203 2587 athi
220 2534 546 2602 mogahatflatieinetrir.
570 2534 599 2586 Si
634 2532 774 2588 ncrastino
790 2536 841 2587 etc.
856 2530 1028 2598 vectatorio
1046 2526 1106 2583 icae
1122 2529 1174 2597 τῆς

68 2617 234 2682 eaim'iatunn
257 2618 396 2684 Hyacinthi
418 2618 466 2672 sihi
492 2617 600 2672 adamati
634 2614 847 2688 adadumdauee
861 2618 1030 2687 μοχθηρίας.
1047 2611 1172 2682 Ζόωσις,

20 2762 23 2767 .
67 2702 331 2773 praescimddpoiio,
344 2704 491 2772 neutiquam
504 2702 600 2757 discum
633 2704 781 2772 ιιίιιίβιιιείο
803 2720 826 2758 a.
846 2705 988 2772 animatio,
1009 2704 1070 2772 iq.
1089 2701 1174 2770 (Gea-

20 2798 24 2803 ·
66 2785 285 2854 messines,
301 2805 377 2857 quem
391 2790 524 2857 Zephyrus
538 2789 602 2841 tiatu
635 2790 706 2857 ner.)
730 2790 794 2843 sitne
811 2789 854 2843 vel
870 2787 969 2857 igunae
986 2789 1130 2843 animalium
1146 2787 1174 2841 in

68 2885 111 2925 sao
139 2873 166 2926 in
197 2877 274 2942 caput
304 2873 440 2940 Hyacinthi
466 2874 601 2940 convertit,
636 2875 718 2928 coeio.
754 2874 793 2928 (ii.
812 2891 834 2928 c.
852 2874 878 2928 8.
897 2892 923 2945 p.
942 2873 1003 2928 147.
1021 2873 1055 2928 Δ.

16 2964 20 3041 Ι
67 2970 220 3027 puerumque
237 2959 375 3013 interemit
410 2958 509 3012 Eodem
527 2958 601 3013 medo
703 2957 1173 3029 tymappiooe111eroid.yeyes·

69 3040 208 3110 hpciiinem
225 3043 378 3112 perstringit
396 3044 551 3113 Theophilus
571 3043 602 3097 ad
635 3043 761 3115 eppisoc.

71 3124 127 3180 dat.
142 3126 176 3197 [i.
193 3143 216 3181 e.
234 3126 261 3197 9]
280 3131 399 3196 unquam
417 3125 469 3183 ads
484 3122 602 3183 ‘Turde-
705 3131 731 3186 3.
749 3128 798 3185 sui
818 3128 872 3197 aria
890 3122 995 3195 ἄλογοι
1019 3125 1081 3194 etc]
1106 3127 1174 3178 Dae-

71 3211 125 3271 θυ
143 3209 235 3281 μόρον
259 3208 428 3281 ἀγνοοῦντα.
469 3214 601 3268 Worthoa.
637 3230 726 3270 mones
757 3230 814 3283 per
843 3213 994 3267 siderum
1024 3210 1061 3280 [in
1094 3211 1176 3264 forma

21 3328 24 3333 ,
69 3324 101 3338 -
124 3299 163 3355 (it
193 3301 275 3367 Pauly
303 3299 323 3356 i.
347 3315 370 3353 c.
402 3299 474 3354 hom.
499 3300 549 3356 iit.
576 3315 602 3370 p.
637 3300 792 3368 animalium]
809 3296 1176 3369 positionemperiecieaa

70 3382 143 3439 1534.
608 3426 611 3431 .
638 3384 699 3438 dicit
715 3388 745 3436 ut
762 3385 813 3438 vite
830 3399 845 3436 a
871 3383 968 3437 ratione
986 3383 1068 3436 aliena
1085 3382 1176 3435 rationi

133 3468 177 3524 2³.
195 3463 306 3538 Αὔρα..
318 3468 516 3541 .ιιμιωίιιιοι]
537 3470 603 3524 Tra·
638 3473 810 3524 consentanea
832 3467 973 3535 videretur,
997 3469 1055 3537 qnia
1077 3467 1177 3522 sedicet

69 3554 115 3622 cici
144 3556 238 3610 incerti
265 3557 452 3624 fragmentum.
500 3556 603 3611 Poetae.
638 3570 687 3625 per
711 3555 820 3609 undam
843 3554 977 3625 positionis
1002 3552 1114 3608 siderum
1137 3554 1176 3607 ia·

18 3644 131 3709 ·treg.
147 3656 249 3709 praecc
274 3643 390 3708 iragmm
417 3641 457 3695 ed.
482 3643 604 3709 Wagner,
638 3645 693 3694 tum
709 3638 873 3707 induxerunt,
892 3644 928 3707 et,
945 3640 999 3693 sire
1017 3641 1075 3708 quis
1095 3639 1176 3692 virto-

12 3710 21 3755 ¹
69 3727 122 3780 toi.
150 3727 192 3781 ΙΙΙ
224 3726 339 3794 (iratist.
372 3725 453 3795 1848)
492 3743 518 3797 p.
544 3726 604 3779 238.
639 3730 692 3780 tem
708 3726 775 3779 colat
792 3726 847 3780 sire
864 3725 972 3779 vitiosus
996 3726 1039 3792 sit,
1065 3725 1126 3778 ah'
1118 3724 1177 3778 ria·

16 3788 208 3867 &mus
242 3814 311 3866 inter
340 3811 478 3882 Euripides
508 3810 605 3865 retulit.
641 3810 710 3865 dena
744 3812 932 3878 geniturae
965 3811 1177 3877 gubernato·

13 3862 15 3927 s
134 3898 161 3951 1.
196 3897 390 3967 Σιοιχιίωσις]
439 3898 606 3966 Principium
640 3897 741 3950 ribus
759 3896 817 3950 talia
832 3896 939 3963 exstitit,
952 3910 1003 3948 non
1016 3895 1119 3964 propria
1132 3909 1178 3947 vo·

13 3952 15 3993 ¹
69 3983 195 4051 (worth)
222 3985 264 4038 cui
287 3983 412 4038 tacidum
436 3998 491 4037 rem
514 3997 605 4052 super·
640 3982 746 4037 lunate.
771 3982 870 4035 Sinitia
887 3981 1007 4034 hahemus
1020 3979 1105 4050 paullo
1119 3984 1178 4032 ante

18 4114 21 4133 ,
70 4069 210 4124 struebant.
247 4070 277 4122 G.
305 4069 354 4123 17:
386 4064 607 4137 adsisteret
642 4083 663 4121 c.
688 4064 713 4121 8.
737 4065 879 4121 Merenda.
896 4093 927 4105 -
963 4065 1003 4119 ci.
1024 4080 1046 4118 c.
1065 4062 1091 4118 8.
1108 4079 1134 4116 n.
1150 4061 1176 4116 i.
