2708 4666
352 177 616 243 sureucanio
638 177 719 241 PRO
741 177 1003 247 mundis.
1206 182 1229 247 o

122 349 202 413 nihii
223 351 368 428 agnum.
385 349 477 429 mali,
508 350 562 411 vel
583 350 690 428 potius
720 350 871 427 omnium,
902 354 937 411 ut
957 367 1131 433 progressu
1153 369 1230 415 ora-

123 459 218 519 tionis
239 458 520 534 demonstrabitur,
546 459 743 518 sanctissime
772 461 806 519 et
827 459 1015 535 aequissime
1042 462 1164 525 dedeo
1193 480 1232 527 ao

122 569 164 628 de
190 568 324 644 imperio
353 570 462 627 vestro
490 567 686 644 sentientes,
710 569 865 648 exagitari
895 573 929 628 et
956 569 1036 629 terri
1064 573 1096 630 et
1120 575 1233 633 vexari

122 677 246 751 sinitis,
284 677 380 757 vutpo
414 676 532 736 delium
559 676 652 736 nobis
685 677 727 736 ob
767 677 866 737 solnm
898 694 1007 737 nomen
1037 679 1231 742 inserentes:

122 801 194 862 nos,
213 784 349 863 inquam,
370 800 424 843 res
445 789 573 843 nostras
595 785 626 843 in
647 785 748 844 luoem
769 785 916 863 proferre
939 788 1007 846 ausi
1029 804 1136 848 sumus
1156 787 1232 868 (du-

102 892 210 954 'ueitit
238 894 342 953 autem
372 909 430 953 vos
462 892 541 953 haee
573 893 678 953 oratio
703 894 904 971 praetentas
926 898 958 954 et
979 897 1232 976 praeteriens!

123 1017 244 1063 omnem
259 1003 292 1061 et
310 1002 462 1061 rationem
479 1017 536 1061 nos
555 998 649 1079 pati),
671 1005 835 1078 atquevos
858 1003 1060 1065 obsecramus
1081 1008 1116 1065 nt
1136 1007 1231 1069 etiam

123 1111 164 1170 de
189 1109 283 1169 nobis
312 1109 431 1185 aliquid
461 1109 627 1188 cogitetis,
655 1126 718 1186 quo
746 1111 870 1171 tandem
898 1112 1066 1188 aliquando
1094 1130 1231 1192 asyoo·

122 1217 249 1296 pirantis
273 1219 402 1279 mactari
418 1218 606 1277 desinamus.
649 1216 758 1294 Neque
778 1219 859 1279 enim
873 1220 914 1279 ad
924 1222 1085 1299 ‚peoaaias
1108 1224 1233 1301 appetat

121 1328 317 1389 inimieorum
339 1328 470 1404 mulcta,
498 1342 600 1403 neque
622 1327 664 1387 ad
685 1326 947 1395 existimationem
970 1331 1156 1407 ignominia,
1177 1335 1232 1393 aut

123 1438 165 1497 ad
186 1437 274 1497 atiud
294 1436 451 1513 quidpiam
470 1435 519 1494 rei
538 1435 666 1495 maioris
688 1451 786 1495 noxa:
817 1435 896 1496 haee
918 1437 1035 1514 qnippe
1057 1441 1232 1501 contemni-

122 1564 209 1623 mus,
243 1546 385 1622 quamvis
415 1543 510 1619 vulgo
541 1543 706 1603 videantur
735 1545 840 1603 studio
873 1545 986 1623 digna,
1028 1548 1061 1605 ut
1089 1548 1143 1623 qui
1171 1566 1230 1610 non

123 1655 217 1716 modo
240 1670 301 1714 non
323 1652 532 1713 reverberare
554 1652 774 1713 verberantem
796 1668 897 1727 neque
919 1653 1103 1713 invadentes
1123 1660 1156 1715 et
1176 1675 1232 1716 ra·

122 1765 249 1843 pientes
278 1762 308 1821 in
335 1761 479 1822 iudieium
505 1776 621 1820 vooere
653 1761 870 1838 didicerimus,
904 1761 1071 1838 sedistis,
1108 1765 1232 1825 etiamsi

123 1870 290 1950 oolapdum
311 1870 497 1945 indixerint,
526 1870 659 1929 atteram
683 1885 806 1945 quoque
834 1869 947 1945 eapitis
973 1874 1096 1947 partem
1112 1889 1242 1959 'perena
1262 1951 1266 1958 .
1288 1915 1306 1958 .·

122 1980 259 2040 tiendam
280 1978 454 2057 praebere,
475 1978 666 2053 bisantem,
687 1974 868 2037 sitonicum
890 1977 1096 2057 abstulerint,
1110 1959 1254 2058 super?
1329 2044 1332 2051 ,

123 2090 243 2151 addere
270 2088 364 2148 etiam
391 2087 529 2164 pallium.
559 2085 621 2144 Sed
637 2084 824 2162 corporibus
837 2103 875 2145 ao
894 2087 969 2146 vitis
984 2088 1114 2168 nostris,
1139 2061 1231 2166 post·
1247 2088 1250 2094 '
1264 2150 1271 2173 Ι,-
1294 2093 1302 2139 J

122 2204 214 2275 quam
235 2198 387 2275 peuunias
406 2195 612 2273 proieoimns,
634 2193 830 2270 insidiantur,
851 2195 1010 2256 eriminum
1027 2212 1174 2258 acervum
1199 2198 1231 2259 in

122 2584 213 2638 vitiose
235 2581 339 2636 habent.
377 2581 416 2634 Tu
440 2581 550 2635 tortasse
573 2580 660 2633 οοιιίοἰ
695 2581 798 2631 neutrae
816 2579 976 2635 insidiantur.
995 2609 1029 2619 -
1063 2582 1116 2634 Pru
1138 2599 1229 2650 μιμο-

122 2670 187 2723 eeria
206 2664 352 2735 diuersae.
386 2665 439 2720 Sed
458 2665 504 2717 trac
522 2664 660 2717 mutatione
693 2659 815 2732 θηκότει
838 2664 912 2716 Bodl.
933 2662 993 2718 122
1014 2664 1231 2736 μιμιαθηιιόιιι.

122 2750 186 2806 haud
204 2756 249 2805 ert
266 2767 347 2821 opus,
371 2750 432 2803 lieet
455 2752 516 2810 rote
540 2743 591 2815 pir
615 2762 659 2800 se·
762 2749 804 2801 23.
823 2743 894 2810 sitiri
908 2749 1033 2818 triepta
1102 2750 1228 2820 tpuirroa]

122 2840 221 2905 quatur.
258 2836 319 2889 iton
352 2834 424 2888 codd.
457 2834 515 2887 insti
544 2836 571 2885 et
597 2831 658 2885 editt
692 2834 783 2886 Matio.
800 2834 832 2898 5,
850 2832 894 2890 ae.
908 2834 962 2897 dor
980 2834 1038 2889 oeli.
1057 2836 1121 2892 [οι.
1140 2837 1167 2905 d,
1185 2837 1228 2892 29.

123 2917 154 2975 eo'
171 2917 334 2975 ἇηιιαίοιο
357 2934 404 2991 pre
422 2914 463 2987 μή
488 2914 657 2971 oinraeuiraa.
691 2945 727 2955 —
745 2918 774 2969 ln
794 2916 858 2984 Arg.
878 2911 932 2970 soie
949 2923 1007 2972 aute
1027 2916 1101 2972 anerei
1124 2919 1230 2989 κόρὁης

123 3005 257 3059 (leonem
281 3005 359 3057 noluit
380 3001 414 3058 rui
431 3001 470 3071 μὴ
489 2999 658 3067 ἀνακαίειν,
693 2999 774 3055 abest.
818 3000 883 3054 [ut.
909 3003 1025 3055 usitatius
1052 3005 1229 3069 προπηλακί-

123 3106 230 3158 qneenm
263 3090 440 3155 Beeneuterp.
475 3088 593 3141 liechair.
632 3091 659 3139 et
692 3087 768 3149 ζαοι.
804 3078 873 3137 idern
891 3084 1039 3137 eaden-nun
1058 3086 1188 3152 ιιααιῐιιιι
1203 3104 1228 3141 r.

122 3175 247 3228 iindaer.
274 3176 397 3227 sentiunt.
442 3174 561 3243 Sequens
588 3166 659 3226 sitini
693 3188 756 3237 arip.
778 3167 864 3237 μέρος
886 3168 931 3221 aed
956 3187 979 3220 ι.
998 3187 1060 3237 asp.
1079 3168 1165 3237 niune
1183 3173 1227 3225 δι-

122 3261 170 3312 ιίιι
188 3258 289 3313 obtinet
308 3260 534 3327 augmentativam
562 3258 594 3310 ti.
613 3257 657 3310 ln·
692 3250 786 3308 ddunt.
810 3255 879 3307 dion.
894 3251 1024 3320 παρέχειν
1040 3255 1134 3308 omisit.
1153 3256 1227 3310 Bodi.

122 3345 183 3398 etia·
199 3344 241 3397 Ita
259 3358 356 3397 ιιιιιιι.
374 3361 397 3396 ι.
412 3342 438 3396 8.
457 3359 483 3395 n.
501 3343 542 3397 14.
580 3343 658 3396 Sen—
694 3340 718 3393 1.
736 3339 754 3392 2
770 3333 881 3403 andem
901 3352 951 3390 non
969 3338 1073 3393 καίειν.
1109 3341 1138 3393 in
1154 3341 1231 3395 nott*

122 3416 191 3485 ras:
219 3428 318 3481 inimici
342 3428 440 3491 nostri,
466 3428 508 3495 qui
526 3441 573 3480 nus
592 3426 658 3479 mul·
693 3425 718 3476 1.
737 3424 755 3476 2
773 3426 800 3474 et
817 3422 876 3474 Aet.
901 3421 949 3475 aui
972 3428 1031 3476 ante
1055 3420 1088 3479 ια’
1112 3420 1228 3493 ’ἱμάτιον

123 3518 191 3567 etaat
216 3517 245 3565 et
268 3513 405 3579 ignominia
429 3512 543 3565 adiiciunt
570 3513 658 3564 nobis·
692 3505 859 3561 derideretur.

122 3614 170 3667 que
189 3600 295 3664 necent,
315 3609 374 3648 non
394 3598 526 3665 peennirm
545 3599 657 3650 nostram
759 3589 804 3643 24.
823 3586 1087 3658 ιιαιαοιιεδάζοιιιι]
1100 3594 1227 3653 Lunam·

122 3687 213 3751 petunt
237 3684 282 3733 aut
307 3681 519 3735 existimationem
543 3685 586 3733 aut
603 3695 657 3732 ma-
691 3670 917 3739 ταοκευᾶζαατιο,
932 3677 999 3744 quod
1014 3682 1136 3746 praestat,
1150 3694 1227 3747 quum

121 3770 203 3821 iarum
239 3766 305 3818 ritae
339 3763 463 3818 bonorum
499 3763 656 3834 qumquam:
691 3774 738 3828 per
755 3775 799 3826 se,
824 3764 877 3812 tom
896 3765 1002 3827 prepter
1019 3778 1131 3831 sequena
1155 3758 1227 3819 dao-

119 3852 183 3906 traee
200 3851 270 3904 enim
289 3851 489 3916 wotemnimua,
507 3852 595 3916 utpote
614 3847 657 3915 qni
691 3839 825 3897 οιιιοιὶοαι
844 3844 880 3913 [e.
899 3844 939 3914 2].
964 3846 1071 3899 liniter.
1106 3847 1159 3902 Sed
1177 3869 1228 3904 au·

119 3935 283 3990 didieerimm
308 3948 359 3986 nun
381 3932 546 3987 reverberare
564 3932 656 3984 verbe·
692 3925 907 3994 ιασιεδᾶζοαιιι
924 3930 1003 3998 napis
1022 3934 1141 3988 convenit
1157 3930 1227 3987 oido-

118 4025 207 4074 raatea
225 4023 294 4086 ate,
320 4020 396 4072 immo
421 4019 505 4088 potius
527 4014 657 4071 benefieiis
691 4015 818 4082 tarpeios
835 4015 950 4084 proxime
968 4016 1143 4085 respondenti.
1174 4019 1227 4072 Pro

116 4104 252 4160 misiaeta
277 4118 402 4173 pensare:
432 4102 489 4157 red
515 4101 564 4170 ipsi
591 4101 657 4154 vitre
693 4093 759 4155 ouidi
778 4099 838 4154 det
856 4096 922 4155 oriri
943 4099 1016 4168 (ate).
