2708 4666
280 185 336 249 nn
357 184 689 249 RESURRECTIONE
711 184 965 258 Moenoenum.
1061 204 1067 219 ’
1100 183 1164 249 265

59 358 258 437 propositum
289 360 340 417 eet
364 359 488 434 diaere,
518 361 670 436 quatenus
700 358 825 437 indigue
843 362 894 418 eet
912 362 985 440 aget
1007 346 1165 437 alinen'ta,

59 472 215 545 qnatenne
244 468 386 528 mortalia
414 471 464 528 eat
495 468 711 547 aneeeeeione,
745 470 898 544 qnatenus
930 469 1095 530 rationalia
1115 472 1166 530 eet

58 575 185 639 indicio.
229 576 292 637 iarn
315 593 392 638 vere
413 578 442 638 ai
462 577 572 637 hernrn
594 578 831 655 unumquodque
853 576 970 638 homini
998 578 1166 639 eeeandanr

59 692 204 749 natarent
226 689 294 758 eet,
323 687 351 747 ‘ei
378 687 527 748 alimento
553 691 628 766 eget
662 691 794 766 propter
822 687 936 763 vitan,
966 689 1166 749 eaeeaaeiene

57 801 194 875 propter
204 797 330 874 generis
344 799 601 875 perpetuitatem,
622 797 737 859 indieto
758 800 890 876 propter
906 797 967 859 eibi
987 799 1022 858 et
1036 814 1166 859 enneae-

60 907 159 968 aionis
180 908 298 986 legen:
329 923 459 969 neeesse
481 910 532 967 eet
552 908 603 983 nt,
631 924 723 984 quum
746 908 923 968 alimentum
945 910 979 969 et
1005 909 1165 969 anneeseie

60 1016 102 1078 ad
122 1020 288 1094 utramque
311 1016 506 1095 pertineant,
536 1016 680 1078 indieium
699 1034 822 1095 qnoque
839 1019 881 1078 ad
905 1021 1068 1095 utrumqne
1087 1034 1164 1097 per·

61 1128 179 1207 tinent,
207 1127 241 1187 id
262 1129 312 1187 eet
333 1128 365 1185 in
391 1126 545 1187 hominem
567 1143 608 1187 ex
630 1144 766 1205 eorpore
790 1131 822 1188 et
842 1129 943 1188 anima
964 1128 1167 1206 constantem,

61 1240 95 1298 et
125 1236 279 1298 eiusmodi
311 1237 403 1298 homo
441 1237 593 1298 rationem
623 1237 777 1298 actionum
809 1239 938 1298 omnium
967 1238 1098 1316 reddat,
1129 1255 1168 1299 aa

60 1363 122 1425 pro
145 1348 184 1407 iia
199 1349 371 1426 praemium
393 1350 448 1409 aut
470 1363 602 1426 poenam
623 1348 767 1425 aeeipiat.
813 1348 929 1417 Qnedei
951 1348 1065 1410 inatnnr
1083 1348 1168 1410 iudi-

61 1456 141 1516 cium
165 1458 288 1534 utrique
310 1458 548 1519 retributionem
571 1459 724 1518 actionum
749 1458 877 1535 statuit,
906 1462 939 1518 et
962 1475 1094 1535 aequum
1118 1462 1168 1519 eat

60 1569 97 1626 ut
116 1583 217 1643 neque
237 1568 338 1627 anima
359 1569 429 1628 aeia
451 1584 555 1628 reram
572 1584 633 1628 nna
655 1584 723 1628 eum
740 1583 874 1644 norpere
895 1571 1054 1646 gestarem
1069 1569 1167 1629 talie-

59 1692 133 1735 nem
151 1675 274 1737 reserat
298 1679 374 1750 (nen
405 1678 485 1738 enim
508 1675 588 1737 heee
612 1669 671 1756 per
692 1694 728 1737 ee
753 1681 895 1737 movetur
916 1679 956 1738 iie
980 1695 1060 1755 quae
1082 1679 1167 1739 eirea

61 1786 208 1863 eorporis
232 1787 414 1865 voluptates
434 1789 468 1847 et
484 1785 571 1847 eibos
597 1790 630 1847 et
644 1788 746 1849 enltna
766 1784 951 1868 pennantur)
974 1803 1075 1865 neque
1094 1804 1168 1848 nor·-

62 1913 124 1975 paa
147 1897 247 1958 selum
276 1893 409 1978 (expete
426 1896 507 1956 eninr
530 1895 592 1957 hoe
616 1913 676 1974 per
704 1914 740 1956 ae
771 1901 821 1958 eat
847 1897 1064 1958 diiudicandae
1086 1895 1168 1975 legia

61 2009 96 2067 et
126 2007 292 2084 institiae),
319 2007 412 2067 Ιιοιιιο
441 2009 543 2066 autem
569 2023 609 2066 ex
633 2007 774 2084 utrinqne
804 2007 994 2084 eenrpositne
1019 2008 1059 2067 de
1088 2023 1168 2067 nna-

62 2134 187 2195 quaqae
202 2119 356 2178 actionum
378 2134 503 2178 auarum
526 2115 557 2176 in
573 2117 719 2177 indicium
739 2121 887 2194 vocatur,
910 2117 969 2177 iam
985 2132 1063 2177 vero
1084 2116 1168 2176 ratio

61 2228 185 2306 reperit
202 2229 235 2288 id
260 2244 359 2306 neque
381 2227 413 2286 in
434 2226 494 2286 hae
514 2226 580 2286 vita
599 2226 728 2286 evenire
748 2223 826 2307 (eon
848 2227 926 2287 enim
949 2228 1005 2287 illa
1024 2241 1083 2305 pro
1100 2242 1169 2287 rna·

60 2339 136 2399 ritis
163 2341 264 2399 statne
287 2339 319 2397 in
340 2337 499 2414 praesenti
526 2337 593 2395 vita
618 2339 780 2414 servatur,
803 2355 893 2413 quum
923 2336 1011 2399 multi
1030 2336 1118 2397 athei
1137 2338 1170 2396 et
1227 2404 1229 2411 ‚

63 2449 223 2525 iniquitati
245 2465 282 2508 aa
308 2447 465 2522 nequitiae
487 2446 570 2506 omni
588 2446 685 2506 dediti
699 2462 798 2524 neque
812 2448 852 2508 ad
866 2451 995 2508 mortam
1019 2449 1170 2526 expertae

62 2559 215 2621 malornm
246 2560 464 2634 permaneant,
496 2557 519 2615 ii
542 2558 652 2616 eontra
674 2556 728 2632 qui
759 2558 854 2639 vitpm
876 2576 962 2618 snam
989 2559 1029 2618 ad
1050 2572 1170 2618 emnem

62 2671 213 2730 virtutem
237 2666 375 2743 dinignnt
397 2667 427 2725 in
454 2666 617 2727 doloribus
641 2668 767 2748 vivant,
798 2669 828 2728 in
857 2668 995 2746 iniuriis,
1024 2668 1056 2728 in
1080 2667 1170 2729 ealn·

65 2780 175 2856 mniis,
200 2777 389 2838 eruciatibus
405 2779 438 2837 et
458 2777 557 2836 omnis
577 2777 704 2854 generis
723 2778 967 2855 calamitatibus)
984 2795 1085 2856 neque
1098 2782 1172 2857 poat

63 2894 196 2951 mertem
217 2886 409 2965 (neutiquam
429 2887 508 2947 enim
525 2887 585 2947 iem
603 2889 709 2947 exstat
731 2889 909 2967 utrunque,
931 2888 1032 2949 anima
1047 2888 1171 2964 quiden

63 3294 104 3347 Rr
123 3298 175 3346 tam
194 3291 272 3359 lange
289 3297 316 3347 et
333 3287 436 3346 ιίιιιίιιο
463 3291 603 3361 hyperbato
704 3287 747 3342 25.
767 3283 948 3354 ἀπειράτους]
968 3289 1033 3357 Δις.
1052 3283 1170 3355 citatori-

66 3378 131 3449 [tt]
159 3383 187 3431 ut
210 3379 282 3431 iaciie
315 3394 344 3431 ae
371 3375 492 3447 expedire
516 3380 605 3446 poseat
638 3391 729 3442 etone,
747 3390 761 3428 a
776 3371 925 3439 πειράζειν.
951 3374 1060 3428 Constat
1076 3375 1168 3428 naite-

65 3465 164 3530 Ιιιῑοι,
184 3464 319 3531 diligenter
335 3464 501 3533 parentheaea
519 3462 604 3515 natavi
638 3476 682 3514 rae
705 3452 843 3529 aeripterea
863 3459 947 3514 dicere
970 3455 1168 3529 inciperem

65 3552 119 3603 ania
136 3549 208 3603 lacis.
225 3549 389 3618 Stephanus.
406 3549 470 3614 Arg.
490 3543 522 3601 τὸ
538 3562 604 3602 ιιι-
638 3547 747 3613 πειρᾶν.

65 3632 232 3705 αμφόιιρον
265 3649 312 3703 pro
344 3635 397 3688 τοῦ
422 3630 602 3701 σνναμφοιέ-
707 3631 748 3686 26.
767 3628 961 3700 {hanandune}
989 3632 1048 3685 net
1075 3626 1173 3700 ἕξητα-

65 3742 128 3792 poa.
166 3723 205 3776 cf.
224 3737 246 3774 a.
262 3720 306 3775 22.
324 3737 350 3775 ιι.
369 3720 411 3774 24.
533 3728 535 3732 ’
639 3716 755 3785 eptam.

133 3807 178 3862 22.
197 3803 315 3878 ἑκάστῳ]
343 3808 400 3859 Ριι.
418 3805 435 3859 3
456 3807 483 3859 et
506 3804 606 3859 clam
707 3802 749 3855 27.
769 3795 847 3866 atet]
861 3802 959 3857 01ιι.2
974 3796 1018 3856 οὔ.
1044 3802 1083 3855 ci.
1098 3800 1172 3856 eii.

66 3894 197 3952 ἑκάστου.
641 3905 666 3942 n.
685 3887 701 3941 9
719 3889 751 3941 al.
778 3889 839 3941 Rex
864 3889 922 3941 Διι.
946 3884 1172 3957 ιιιριζομιῖιοις,

133 3983 177 4036 23.
195 3974 268 4044 κατ’]
289 3978 357 4033 iiiiii
376 3975 455 4032 κατὰ.
641 3978 668 4027 ιι
691 3971 722 4029 δὲ
740 3979 798 4043 poet
815 3975 941 4031 ιιεδαιι.
965 3974 1062 4029 retaeit.
1079 3973 1174 4027 Portae

88 4088 92 4097 ⁴
134 4068 179 4122 24.
205 4063 255 4121 διὰ
273 4061 318 4130 τὰ]
345 4067 402 4120 Par.
420 4064 438 4119 2
457 4063 538 4131 (ctat.
557 4062 606 4129 1³)
641 4049 718 4128 ἦπου
743 4060 817 4130 vulpe
839 4062 942 4129 legitur,
961 4075 1011 4114 nan
1028 4054 1047 4128 ᾗ
1062 4075 1119 4112 ιον
1135 4057 1172 4126 (a.

65 4157 126 4211 Aet.
141 4158 167 4209 et
181 4153 254 4210 editi.
268 4154 338 4220 (ere.
354 4152 433 4220 ittet.)
447 4147 496 4205 eni
507 4145 545 4204 ii
562 4143 605 4204 an'.
641 4148 667 4203 ὅ.
686 4163 713 4204 ιι.
733 4146 788 4217 1⁰).
