2708 4666
350 203 614 268 suremcetto
636 205 716 268 PRO
738 203 1002 271 cnmsrleuts.
1160 212 1222 279 123

121 380 226 440 entem
241 379 282 438 eb
298 393 337 439 eo
354 378 547 439 dictumest:
570 373 647 441 Rex
661 376 841 461 magnesio
857 377 944 442 coeto
959 377 1121 466 Iuppiter,
1137 383 1225 450 cotu-

121 507 207 552 crem
224 506 352 550 currem
369 506 483 571 ogone,
512 485 635 572 prinus
653 484 806 570 graditur
826 509 985 553 exornans
1000 492 1103 556 ennio
1119 497 1152 558 et
1165 515 1224 578 ges-
1333 532 1336 545 ·

121 595 277 670 terrem,
305 595 388 661 horre
408 600 514 662 cutem
537 598 682 681 sequitur
706 598 867 662 exercitus
888 597 1019 663 deorum
1041 604 1075 665 et
1098 601 1225 671 doemo-

119 727 213 772 noer:
234 709 268 770 id
283 711 323 770 ed
337 711 424 770 illum
438 726 499 770 neu
514 711 652 787 pertinet
667 709 773 771 Iovem
791 711 844 787 qni
859 727 900 770 ex
917 711 1051 774 Saturno
1069 718 1157 776 ortus
1173 719 1225 778 di·

120 821 212 881 citur.
256 820 313 881 1110
329 821 409 880 eninr
422 820 506 880 Iovis
522 821 643 879 nomine
659 825 784 881 creetur
799 822 1016 883 universorum
1032 824 1224 902 designetur.

120 929 157 991 ld
171 948 249 992 vero
274 932 467 992 demonstret
482 931 597 1009 etipse
615 929 720 1005 Pleto;
744 948 835 1008 quum
856 949 924 992 eum
941 934 1005 992 elio
1027 937 1223 998 convenienti

120 1041 244 1101 nornine
266 1041 431 1118 appellere
449 1057 510 1101 non
526 1044 652 1119 posset,
677 1041 824 1118 populari
847 1042 1020 1121 vocabulo,
1046 1060 1105 1104 non
1122 1049 1156 1106 ut
1170 1048 1223 1109 dei

120 1151 253 1228 proprie
274 1151 331 1210 sed
349 1152 389 1210 sd
407 1151 680 1231 perspicuitatem,
708 1152 781 1228 quie
798 1153 837 1211 de
854 1152 913 1211 deo
931 1154 1013 1230 apud
1034 1170 1141 1217 omnes
1163 1174 1223 1236 pre

119 1261 242 1321 viribus
259 1261 372 1320 disseri
387 1277 447 1319 uon
463 1264 584 1338 petest,
605 1279 680 1321 usus
698 1263 760 1338 est,
783 1262 890 1322 addito
908 1261 1017 1343 magni
1031 1266 1168 1344 nomine,
1189 1269 1224 1327 ut

120 1373 302 1431 secerneret
317 1371 486 1430 coelestem
499 1388 516 1429 s
531 1373 685 1443 terrestri,
702 1372 869 1447 ingenitum
885 1389 904 1430 e
919 1375 1035 1450 genito,
1056 1376 1107 1451 qui
1123 1376 1225 1438 iunior

120 1485 171 1541 est
186 1482 277 1541 cesto
292 1483 326 1539 et
340 1482 441 1559 terre,
464 1482 566 1540 iunior
587 1483 680 1541 etiam
700 1479 916 1557 Cretensibus,
938 1499 957 1541 e
978 1485 1088 1560 quibus
1110 1488 1224 1548 subre-

119 1595 193 1670 ptus
216 1594 267 1650 est
290 1608 328 1650 ne
351 1591 548 1651 occideretur
569 1610 588 1651 e
609 1594 712 1670 petre.

207 1704 257 1761 24.
281 1701 360 1770 Quid
378 1702 795 1779 tandemnecesseestepud
811 1719 880 1779 ves,
896 1704 946 1778 qui
965 1719 1083 1763 omnem
1101 1705 1222 1766 doctri-

119 1831 189 1874 nem
214 1813 345 1873 scrutati
361 1812 459 1888 estis,
481 1815 535 1870 sut
552 1813 716 1889 poetarum
730 1812 904 1884 meminisse
929 1816 983 1873 eut
1000 1814 1080 1873 alias
1100 1831 1223 1893 quoqne

118 1924 294 1984 sententies
320 1920 505 2000 exquirere,
527 1938 618 1997 quum
640 1920 719 1981 haec
736 1937 837 1998 peuce
857 1921 962 1981 dicere
982 1925 1118 2001 possim:
1142 1924 1174 1985 Si
1192 1927 1224 1987 et

118 2039 235 2113 poetae
256 2034 289 2092 et
313 2030 494 2110 philosophi
515 2048 607 2091 unum
627 2031 718 2092 doum
742 2048 896 2092 essenon
922 2039 1144 2115 agnoscerent,
1167 2054 1224 2099 ueo
1284 2018 1287 2026 ¹

118 2305 229 2358 regeres
247 2291 405 2344 convenienti
422 2291 564 2358 χαμᾶθεν,
590 2303 653 2358 quse
754 2288 780 2342 2.
800 2288 858 2357 sot]
877 2290 957 2343 Deest
972 2291 999 2344 iu
1012 2291 1076 2345 Lub.
1090 2322 1123 2332 -
1139 2295 1222 2349 Verte

118 2377 145 2431 in
174 2375 282 2445 reliquis
314 2377 384 2429 cedd.
415 2377 487 2428 mstis
516 2378 652 2443 comperet.
687 2377 872 2429 rescisos
890 2378 977 2430 streis
990 2374 1081 2445 ἔχοντι
1098 2382 1144 2445 (z
1159 2379 1222 2449 „qud

119 2463 223 2516 cretert
241 2462 351 2516 editores
368 2457 506 2530 χαμάθεν.
541 2462 581 2516 ct.
599 2460 652 2515 Le·
687 2463 772 2530 peusis
790 2463 824 2514 ite
842 2464 937 2530 possim
962 2462 1079 2528 dicere“)
1106 2469 1222 2534 spectent

119 2549 191 2603 beck.
218 2548 248 2603 ed
272 2550 368 2617 Phryu.
393 2565 419 2618 p.
438 2548 480 2602 et.
516 2549 566 2601 Pro
585 2548 652 2614 vulg.
687 2545 718 2599 ed
743 2549 884 2616 sequeutie.
929 2550 991 2601 Cum
1019 2551 1064 2603 δεῖ
1087 2551 1221 2605 subaudies

117 2632 1221 2703 &fflmrdwmwoewuunnMQQMPfflmmtw

117 2716 1221 2790 Pmuumffmmduwswfflmmmmmmmmd

118 2805 285 2875 ed(nffl.
686 2805 1220 2873 mmmmsnmdmmmmfflm:

185 2892 229 2947 39.
247 2892 376 2962 Κρητῶν]
396 2893 524 2945 Meursius
537 2893 562 2945 in
576 2893 652 2945 Crete
687 2891 773 2957 „Quid
796 2907 860 2961 opus
879 2896 919 2944 est
935 2908 974 2944 me
993 2907 1067 2945 omne
1091 2893 1220 2947 doctrines

116 2966 1281 3047 mffiMssmmfflwmmmfflmmemmm²

117 3060 1221 3133 mssmoehwfflmwnwwmmmmwmmMmudd

118 3145 1220 3220 mmfflmmmfflwmmmhmwmmmm

97 3239 184 3307 .piter
208 3237 351 3291 educendus
369 3242 409 3290 est
427 3234 512 3305 delus]
537 3235 651 3289 nemine·
685 3236 773 3298 poetes
800 3233 909 3285 recitere
934 3236 978 3285 eut
1001 3232 1061 3284 oties
1086 3233 1219 3303 opiniones

118 3324 372 3377 teutanuretes:
390 3322 651 3375 etmeherotetreesce
686 3320 839 3383 examinare,
860 3319 902 3387 qui
921 3321 1016 3370 tentum
1034 3319 1138 3386 hebeem
1152 3319 1220 3388 qued

117 3411 207 3464 metior
220 3409 321 3463 ridetur
334 3409 418 3472 tectio,
436 3408 496 3461 licet
513 3407 554 3460 itte
573 3407 651 3459 ettere
685 3404 803 3458 dicent“
838 3403 910 3456 Unde
928 3405 967 3456 vir
984 3402 1073 3456 dectus
1090 3406 1165 3458 etiern
1180 3405 1219 3457 te-

117 3486 1218 3566 emwmmwnfflmfflmfflfflmffmfflmstmw

116 3581 150 3635 dli
165 3583 269 3634 ustione
279 3580 415 3633 Cretenses
427 3582 507 3633 erent.
525 3579 651 3632 Deoteir.
685 3576 758 3644 gendi
777 3581 860 3629 notem
879 3576 936 3628 huic
955 3576 1032 3628 verbo
1053 3581 1217 3647 postponens.

119 3697 148 3706 -
166 3665 242 3720 Bodt.
262 3666 285 3718 1.
303 3664 321 3718 2
338 3662 494 3733 ἐξέλαμψαν
518 3680 565 3734 pre
589 3661 649 3729 tet·
684 3663 829 3717 Linduerue
847 3661 915 3715 malit
934 3658 1050 3730 „tronto
1067 3663 1122 3718 scit.
1142 3659 1218 3732 enee

117 3757 232 3822 strues.
268 3752 341 3806 Bodt.
361 3753 375 3807 1
394 3747 450 3805 sind
469 3767 516 3821 pro
534 3745 601 3804 tut.
685 3750 746 3802 Sine
774 3750 881 3803 rstione.
918 3749 1053 3802 Structure
1078 3750 1150 3804 serbi
1176 3750 1219 3804 dei

184 3835 1217 3907 tffiffimmfflwwmmmmfflmm

118 3927 175 3981 Aet.
189 3923 230 3982 di.
258 3926 370 3995 Utraque
389 3925 475 3978 rocula
492 3939 567 3993 saepe
586 3938 600 3975 e
617 3922 650 3976 li·
677 3914 793 3988 “Eresos
811 3917 894 3985 δόξαι
912 3923 971 3974 eunt
995 3921 1218 3993 philosophe-

117 4013 207 4066 treriie
225 4010 403 4066 contunditur:
421 4027 441 4064 o.
460 4010 501 4063 17.
520 4027 546 4064 ιι.
564 4009 607 4064 32.
626 4025 649 4062 c.
684 4023 755 4061 rum
776 4008 927 4061 sententies.

119 4097 157 4153 2⁰.
175 4116 203 4154 n.
220 4099 263 4156 31.
282 4117 304 4155 c.
321 4098 366 4156 26.
385 4115 411 4153 u.
429 4096 473 4167 21,
491 4097 548 4152 coll.
566 4113 588 4150 c.
606 4094 649 4151 22.

120 4199 145 4238 ιι.
161 4185 206 4241 31.
752 4179 779 4236 3.
798 4179 839 4249 ΕΙΙ
851 4175 890 4248 μή
908 4177 955 4234 set
973 4176 1089 4246 ποιηταὶ
1136 4169 1217 4246 ἡμεῖς
