2708 4666
293 154 348 219 DE
370 156 704 260 RESURRECTIONE
728 158 986 224 montuosum.
1110 160 1195 225 215-

60 330 116 387 aut
141 326 366 403 expluribus:
389 329 459 389 sola
485 333 588 390 antem
612 331 643 389 in
664 332 809 408 partibus
825 348 863 391 ea
886 347 1176 409 permanensque

60 436 216 512 colligare
240 440 273 496 et
300 440 462 500 continere
489 442 522 499 et
543 439 656 499 lovere
684 429 789 500 solent
812 458 954 519 carnem,
985 460 1066 520 qnae
1082 460 1102 502 a
1116 459 1176 503 naf-

59 548 138 605 tura
165 547 267 605 electa
290 551 342 608 est
370 550 402 608 et
430 549 470 607 iis
492 548 693 608 adhaerescit
720 550 902 626 quibuscum
926 553 1021 611 vitam
1044 555 1176 612 naturae

59 659 284 732 congruentem
310 658 459 733 vitaeque
482 657 610 717 labores
627 659 789 736 adimplet.
827 658 995 720 Enimvero
1012 676 1114 735 neque
1135 661 1176 722 iis

60 780 142 840 quae
162 767 255 825 modo
279 766 539 843 investigavimus
563 769 598 826 ut
620 785 679 844 par
710 772 760 828 est
781 769 977 849 diiudicatis,
1006 785 1110 844 neque
1136 770 1176 830 iis
1238 795 1241 799 ¹

60 890 143 950 qnae
182 877 293 935 contra
328 875 488 952 disputata
519 878 592 936 sunt
622 893 680 953 per
712 879 946 938 concessionem
978 878 1176 955 approbatis,

59 999 170 1043 verum
194 1001 266 1044 esse
289 985 499 1055 demonstrari
523 987 626 1061 possit
647 986 678 1046 id
702 989 785 1062 qnod
805 987 845 1046 ab
871 987 941 1046 istis
963 988 1094 1048 dieiturs
1116 1003 1175 1047 ne-

59 1109 121 1168 que
156 1108 298 1169 nmquam
328 1094 485 1155 bominum
512 1110 647 1170 corpora
676 1113 744 1155 cum
776 1097 848 1155 aliis
878 1096 1015 1156 eiusdem
1044 1099 1175 1157 naturas
1225 1129 1235 1142 s

59 1201 255 1282 coaluerint,
287 1204 357 1263 sive
386 1203 599 1281 imprudentes
629 1205 762 1264 alieuius
789 1205 902 1265 irande
931 1221 1057 1266 sensum
1077 1221 1176 1282 prae·

59 1312 199 1388 ripiente
231 1312 400 1388 degustent
430 1313 469 1372 de
495 1312 649 1373 eiusmodi
677 1329 830 1391 corpore,
865 1315 935 1374 sive
962 1329 1022 1391 per
1049 1331 1085 1374 se
1113 1313 1177 1392 ipsi

59 1421 168 1498 inopia
190 1424 244 1481 aut
260 1423 381 1481 insania
396 1421 524 1482 addocti
541 1439 577 1482 se
592 1422 803 1482 contaminent
825 1423 937 1482 similis
951 1424 1083 1482 naturae
1103 1439 1176 1483 eor-

59 1547 160 1608 pore;
184 1532 433 1607 quandoquidem
456 1533 515 1591 nob
539 1547 601 1591 non
630 1532 713 1591 latei
731 1533 881 1620 quasdem
905 1548 977 1592 esse
995 1532 1027 1591 in
1042 1531 1179 1601 humane

60 1639 164 1699 iorma
181 1640 329 1717 belluas,
351 1641 404 1699 vel
427 1641 633 1717 compositam
659 1640 777 1700 habere
800 1658 841 1700 ex
863 1640 1040 1700 bominibus
1058 1643 1092 1700 et
1105 1640 1174 1713 bel·

60 1749 302 1825 hiematurum,
328 1749 439 1825 quales
457 1748 567 1826 effingi
590 1750 695 1809 solent
717 1750 757 1808 ab
776 1751 997 1810 audacioribus
1018 1750 1133 1827 poetis.

147 1861 178 1919 8.
201 1858 244 1918 Et
259 1860 333 1935 qnid
360 1859 475 1918 attinet
492 1858 599 1917 dicere
620 1858 660 1948 de
683 1859 888 1936 corporibus,
910 1875 992 1934 qnae
1011 1859 1088 1919 nulli
1107 1859 1177 1918 ani-

60 1968 135 2028 mali
160 1968 201 2027 ad
233 1969 419 2029 vescendum
448 1968 606 2026 destinata
634 1984 737 2044 neque
759 1968 846 2028 alind
881 1969 1060 2046 sepulcrum
1086 1985 1177 2045 quem

60 2237 164 2302 sumpta
190 2231 333 2300 deputanda
368 2236 421 2286 cst:
447 2247 512 2300 quae
539 2232 606 2285 sicot
640 2233 709 2286 lnlre
740 2249 763 2287 c.
787 2233 805 2285 8
838 2231 965 2286 concludit
992 2232 1176 2302 eipositionem

60 2333 105 2372 res
125 2319 234 2370 alienum
253 2319 276 2370 ei
295 2315 451 2370 redhibenda
469 2320 518 2382 est,
537 2317 605 2369 onds
641 2318 725 2370 verbis
742 2319 827 2370 bisce:
849 2319 948 2371 Ταῦτα
966 2314 1030 2385 μιν
1048 2306 1113 2371 οὖν
1130 2313 1177 2372 issi

61 2406 164 2470 stimplo
197 2407 245 2456 est.
283 2403 335 2454 Sua
361 2416 422 2455 vero
448 2401 501 2468 illi,
530 2418 604 2469 qoem
640 2407 737 2457 micion
751 2398 869 2470 μηνύειν
883 2399 937 2458 ouis
948 2397 1176 2471 adnumerdpo·

61 2490 141 2541 tamea
160 2487 336 2552 exinanierat,
364 2486 393 2538 ab
413 2501 459 2550 eo,
485 2488 527 2555 qui
545 2491 604 2556 pot·
639 2487 812 2555 ιογουμένην
838 2484 891 2555 peip
915 2485 968 2554 ἔχει
993 2484 1046 2555 τήν
1071 2483 1178 2551 ἐπίκρι-

62 2577 104 2625 est
122 2573 198 2624 eliam
217 2572 332 2625 exhalata
351 2585 492 2633 revocare,
512 2570 604 2624 redde·
641 2586 699 2637 ess,
725 2575 785 2633 τοῖς
813 2590 842 2640 γε
860 2570 897 2640 μή
916 2569 1094 2640 μιξοθὴροις.
1129 2572 1179 2624 Est

61 2662 112 2710 tor.
138 2657 270 2723 Quamvis,
289 2657 469 2708 eteiomnibus
486 2657 606 2723 periisset
640 2656 710 2725 elye
739 2658 795 2724 hic,
814 2664 842 2711 nt
867 2674 888 2711 e.
917 2657 942 2711 6.
973 2672 1000 2725 p·
1019 2657 1053 2712 46
1077 2657 1107 2709 B.
1133 2657 1179 2724 ab,

63 2742 144 2795 nodis
164 2757 213 2794 nec
240 2741 291 2793 ulla
310 2742 365 2793 eiua
384 2741 503 2792 materies
520 2741 547 2791 in
565 2739 606 2791 ul·
639 2757 686 2810 pro
711 2738 771 2796 izei
793 2759 838 2810 pe:
873 2745 905 2795 cl.
938 2743 1042 2796 llerbst
1067 2740 1098 2794 ed
1124 2741 1179 2795 lis·

62 2828 94 2880 lis
107 2830 214 2880 ιιιιιιιιο
230 2825 337 2878 latebris
351 2827 527 2892 remansisset,
538 2824 605 2877 unde
641 2828 717 2894 nopb
737 2829 845 2880 Memor.
877 2828 951 2881 Scor.
978 2827 1021 2879 iv.
1056 2842 1079 2879 c.
1100 2825 1126 2878 3.
1155 2825 1180 2894 ς.

63 2911 544 2979 selleteamrepnrcretomnipotens.“
563 2909 604 2961 ci.
640 2911 681 2964 1².
732 2913 861 2965 Perticoli
895 2905 914 2979 ἢ
939 2911 1027 2964 eedem
1058 2924 1118 2974 res,
1152 2914 1183 2963 ιι

64 2999 138 3050 stiam
155 2996 257 3065 quaein
269 2995 417 3048 Encbiridio
429 2995 604 3047 e.88acribit.
639 2996 732 3049 elacior
753 2996 814 3064 fiet,
841 2996 933 3065 duplici
964 2995 1038 3048 modo
1064 2994 1182 3046 enuntie-

130 3080 175 3134 21.
196 3080 225 3134 sl
238 3098 268 3148 pe
286 3078 350 3147 etc]
376 3080 447 3132 llaec
476 3080 605 3131 Relnerus
642 3086 701 3150 tnr3
724 3083 829 3147 respicit
853 3082 932 3147 igilur
949 3079 1127 3144 Athenagoras
1151 3077 1184 3130 ad

63 3169 150 3234 inepte
167 3169 350 3234 interpretetus
365 3169 418 3217 eet:
436 3165 486 3231 „Je
502 3180 535 3217 ne
547 3166 608 3231 pri·
643 3167 803 3232 centauros,
828 3180 891 3233 quos
916 3163 1017 3232 quidem
1041 3161 1183 3229 Sophocles

63 3251 139 3305 ond·
156 3265 203 3318 pse
220 3251 349 3319 parlerlcl
368 3249 400 3302 dn
416 3251 543 3302 cerleines
562 3250 608 3300 bt·
642 3252 668 3303 in
688 3251 778 3302 Trauli.
798 3265 874 3316 saepe
898 3252 973 3300 vocat
990 3247 1096 3313 θῆρας,
1124 3247 1183 3300 coll.

64 3341 104 3390 ies
136 3336 182 3404 qui
208 3349 239 3386 ιιι
269 3334 364 3388 debore
391 3334 562 3387 resemblent
595 3333 608 3384 l
643 3330 1000 3400 flom.11.1‚268.2‚7l³.
1022 3330 1184 3396 PindPytb.
1251 3348 1256 3353 ·

65 3422 194 3484 l'bonnme,
212 3422 239 3473 ni
257 3417 289 3471 de
309 3419 387 3471 celles
404 3419 466 3471 dont
484 3420 506 3471 la
526 3417 608 3486 figure
643 3422 668 3486 3,
686 3421 713 3486 8,
730 3448 764 3458 -
782 3419 813 3472 ιιι
840 3420 961 3482 Satyros,
985 3417 1104 3481 Faunos,
1123 3416 1182 3470 sri-

63 3508 129 3560 tisnt
156 3521 189 3558 en
217 3505 298 3557 mima
326 3506 407 3572 temps
432 3503 463 3555 de
489 3504 607 3555 l’homme
644 3511 727 3569 tonus,
746 3504 884 3569 Nymphae,
900 3503 1022 3555 Sirenes:
1041 3516 1105 3570 qnos
1122 3515 1184 3569 prr·
1232 3553 1234 3556 ,

64 3596 91 3645 et
108 3591 142 3644 de
159 3591 183 3642 Ιι
196 3590 264 3656 bite,
281 3589 304 3641 sl
319 3589 439 3641 tonteiois
453 3605 482 3642 ee
496 3603 529 3639 ns
548 3590 609 3639 sont
643 3591 688 3642 tim
707 3590 822 3640 homiues
841 3588 931 3654 partim
954 3586 1051 3639 belluas
1067 3586 1185 3640 isbolen-

64 3675 216 3746 pallies
236 3672 607 3739 contssetdcimaginutions
643 3679 686 3726 tur
718 3674 806 3726 luisse.
852 3673 996 3725 Pronomen
1028 3690 1103 3734 sem
1125 3677 1185 3727 sote

65 3760 96 3813 de
115 3759 236 3828 poetes.“
272 3757 378 3810 Scilicet
401 3759 537 3811 seruastice
563 3756 607 3809 ad·
646 3753 725 3819 ὄντες
744 3759 812 3811 clar.
831 3756 848 3809 2
867 3772 917 3811 nun
936 3758 1048 3811 exbibet
1152 3801 1153 3807 ,

67 3846 133 3898 lecte
151 3848 221 3910 sunl,
241 3842 290 3895 niel
309 3843 412 3909 egregie
426 3842 507 3896 iallor.
544 3843 607 3909 „ln-
711 3843 736 3896 1.
761 3841 833 3906 πρὸς
851 3838 975 3909 τροφήν]
998 3843 1082 3896 Noun.
1100 3859 1188 3907 arpeo·

66 3931 202 3983 ominetur
239 3942 301 3980 sane
335 3928 378 3994 qui
410 3927 453 3981 ills
479 3929 610 3993 negabunt
643 3926 769 3996 spumis,
797 3928 862 3994 llig'⁴
882 3925 955 3992 πρὸς
981 3923 1101 3996 ιρυφὴν.
1120 3930 1188 3983 Voce

65 4016 229 4083 κιιιιιηιο
246 4009 402 4081 (sitdiu)
414 4013 609 4069 bomanicnrne
649 4012 789 4081 σωμάτων
807 4014 927 4082 intelligit
945 4027 1052 4082 corpora
1070 4014 1189 4068 bumont

65 4103 216 4168 vescentur,
237 4098 333 4167 quippe
350 4098 615 4156 seminalium
648 4101 699 4155 Pro
719 4097 758 4162 aie
771 4100 825 4167 prio
844 4099 904 4153 Aet.
923 4097 964 4162 εἰς
985 4093 1037 4166 τήν
1054 4099 1115 4166 γῆν.
1146 4095 1189 4151 Ex
