2708 4666
125 173 188 241 ldd
368 169 677 235 ATHENAGORAE
698 166 968 233 Ardenti-:rista
994 208 1005 237 ι.

121 339 220 423 ἡμᾶς,
238 336 273 405 τό
295 338 329 404 δὲ
351 332 471 420 Πόριον
487 332 681 422 Ἀλεξάνδρου
701 337 751 401 neri
768 336 939 421 Πρωτέος·
962 338 1018 400 τοῦ
1036 333 1240 418 Ἀλεξόνδρον

122 451 166 515 δτι
187 449 236 515 ἐπὶ
255 453 309 529 τῆς
329 443 440 531 όγοροῖς
460 447 510 511 eret
531 443 550 511 ό
571 430 669 524 τόφος
687 447 736 510 καῖ
774 442 913 527 petroio.
959 446 999 509 Oi
1018 443 1076 526 μὲν
1099 436 1159 509 οὖν
1181 441 1276 515 teat

122 565 170 623 λοι
190 552 364 639 ἀνδριάντες
393 559 448 619 τοῦ
470 554 498 593 ¹³
508 557 694 637 Νερυλλίνου
716 549 853 635 ιιόσμημό
874 555 931 617 εἰσι
953 549 1119 634 δημόσιον,
1151 552 1239 619 δἐῖ·

122 689 177 749 περ
199 666 248 729 aiot
269 659 386 739 τούτοις
407 672 559 745 κοσμεῖται
577 662 679 740 πόλις,
700 657 743 736 εἷς
764 663 797 727 δὲ
819 658 958 727 ιοαότοῖν
978 662 1027 725 nat
1048 665 1238 743 χρηματίζειν

121 775 171 839 aiot
201 776 308 838 δᾶσδαι
335 777 501 847 νοσοῦντας
525 774 689 852 νομίζεται,
716 771 767 835 oroi
793 769 907 834 ddecet
936 770 1004 833 ιοτε
1024 765 1062 833 δι’
1085 767 1166 834 oded
1188 771 1238 837 ταδ

121 888 223 969 ηρνσρό
244 883 468 963 περιαλελφουσι
498 880 548 943 καλ
570 882 752 957 στεφανοῦσι
772 879 825 942 τόν
848 873 1052 960 ιἰόνδριόντα
1071 880 1105 942 οδ
1127 885 1237 963 Τριτα-

121 994 194 1066 δεῖς.
236 988 271 1053 ‘0
300 978 332 1053 δὲ
362 991 416 1050 τοῦ
436 984 628 1069 Ἀλεξάνδρου
657 987 708 1050 nat
731 984 785 1050 18ό
813 990 868 1051 τοῦ
890 989 1040 1067 Πρωτέως
1062 985 1236 1069 (τοῦτονδ

121 1095 178 1164 ode
207 1095 340 1182 όγνοεῖτε
371 1099 502 1179 ῥίψαντα
531 1093 639 1159 ἔαυτόν
660 1097 702 1170 εἰς
720 1093 754 1159 τό
777 1101 838 1177 πῦρ
863 1096 929 1178 περὶ
956 1094 1012 1176 τὴν
1038 1091 1235 1180 Ὀλυμπίαν),

120 1204 140 1273 ό
163 1206 218 1288 μδν
247 1206 297 1269 nat
320 1201 411 1279 αότός
437 1206 547 1287 λέγεται
569 1207 771 1286 χρηματίζειν,
809 1203 889 1289 ¹⁹qu
911 1205 944 1269 δὲ
964 1210 1019 1267 τοῦ
1039 1201 1235 1289 Ἀλεξάνδρου

186 1314 229 1395 [²⁰
237 1310 378 1395 Δύσπαρι
385 1362 395 1391 ,
417 1309 496 1387 εἶδος
511 1311 626 1396 όριστε,
646 1314 838 1394 γυναιμανές]

120 1426 290 1505 δημοτελεῖς
309 1419 430 1505 ἄγονται
450 1425 556 1486 θυσίαι
577 1423 627 1486 erat
648 1422 746 1500 ἑορταὶ
766 1418 808 1496 οἷς
830 1421 949 1507 ἐπηκόῳ
972 1426 1048 1508 θεῷ.
1095 1424 1257 1505 ΠότερονΒ

53 1578 62 1597 ,
119 1525 217 1596 oded
245 1536 430 1612 Νερυλλῖνος
461 1532 511 1595 καῖ
535 1528 554 1595 ό
582 1531 727 1609 Πρωτεύς
754 1531 803 1594 eoi
835 1527 854 1594 ό
881 1526 1074 1612 Ἀλέξανδρός
1101 1533 1180 1595 εἰσιν
1207 1534 1235 1595 οῖ

119 1647 213 1706 ταῦτα
242 1641 429 1723 δνεργοῦντες
456 1640 521 1722 περὶ
552 1636 588 1702 τό
618 1634 769 1722 α’γόλματα
797 1635 817 1718 ἢ
849 1645 903 1719 τῆς
923 1636 999 1720 ὅλης
1026 1637 1049 1722 ἡ
1075 1641 1231 1717 σύστασις,Ι

118 1745 191 1815 'Atd
218 1747 241 1832 ἡ
269 1749 323 1830 μὲν
351 1744 409 1829 ὕλη
436 1747 543 1830 χαλκός
572 1748 661 1812 ἔστιν.
709 1752 745 1810 Ti
766 1745 793 1784 ²¹
803 1748 852 1810 δαδ
873 1746 981 1829 χαλκός
1007 1750 1135 1813 δύναται
1163 1746 1231 1812 καθ’

115 1859 243 1935 ἑαυτόν,
265 1854 301 1921 δν
323 1861 516 1938 μεταποιῆσαι
538 1855 628 1918 πόλιν
650 1857 692 1931 εἷς
721 1857 823 1939 ἕτερον
844 1862 942 1938 σχῆμα
964 1860 1093 1936 ἔξεστιν,
1114 1855 1159 1933 οἷς
1180 1858 1231 1921 τόν

118 1969 323 2052 ποδονιπτῆρα
343 1963 362 2031 ό
384 1966 464 2051 παρὰ
488 1968 531 2049 cpi
550 1962 701 2052 Ἡροδότῳ
714 1963 857 2046 ”saporem
885 1963 921 2029 ‘0
946 1964 977 2003 ²²
986 1966 1019 2032 δὲ
1046 1972 1231 2050 Νιροῖλῖνος

119 2233 197 2296 ιιιοῖς
231 2242 305 2282 cauea
337 2227 421 2282 mendi
452 2232 492 2282 eat
520 2229 657 2298 repetitum
691 2231 743 2279 tum
753 2227 945 2280 Marcihuretii
959 2228 1031 2292 obiit,
1048 2223 1229 2299 namen'Aflao·

118 2308 350 2381 Ἀλεξάνδρον-
373 2314 409 2366 1⁰.
428 2312 467 2366 De
480 2313 656 2380 Neryttino
690 2312 846 2378 νοτειχίτης
860 2313 971 2379 οεοερῑλ;
991 2313 1067 2364 ritem
1083 2312 1228 2369 eiusdem·

119 2398 181 2451 aihit
199 2414 303 2466 nequam
319 2399 430 2466 reperio.
457 2397 494 2450 2⁰.
514 2398 655 2450 Alexan·
691 2394 756 2447 modi
781 2400 896 2461 tempore
921 2397 1048 2448 Lucienus
1071 2391 1228 2463 (,,Ἀλε’ξαν-

82 2531 86 2539 ,
119 2481 225 2548 rtrum,
245 2484 394 2549 praesertim
409 2497 483 2549 quum
499 2481 583 2548 pantio
599 2486 656 2550 pest
690 2482 756 2546 δρος
771 2471 788 2545 ἢ
801 2478 1028 2545 ψευδόμαντις“)
1045 2483 1159 2550 scripsit.
1177 2483 1228 2534 lie-

118 2567 223 2620 nomeu
251 2567 282 2619 de
309 2565 399 2619 Paride
434 2580 523 2631 verena
555 2567 656 2630 citetur,
690 2566 758 2617 sistit
782 2580 844 2616 vero
869 2567 922 2634 ipse
948 2567 1146 2632 Athenagoras,
1173 2567 1228 2618 dum

119 2650 246 2716 editores,
280 2650 423 2702 Gesnerum
455 2651 535 2701 secuti
566 2651 654 2715 (etiam
690 2649 862 2702 Alexandrum
878 2653 902 2701 in
917 2652 971 2702 iore
985 2651 1121 2703 Pariorum
1144 2651 1228 2719 sepul-

117 2733 262 2786 Liudneruo
284 2737 309 2784 et
333 2732 442 2784 Clarisse
466 2733 504 2784 De
525 2734 651 2799 Athenag.
686 2739 739 2786 tum
756 2750 812 2785 esse
829 2736 958 2801 perhibet,
977 2751 1054 2802 quum
1070 2750 1084 2786 e
1102 2737 1228 2788 contrario

119 2818 162 2870 cit.
178 2821 203 2867 et
219 2819 318 2884 scripit.
341 2832 366 2884 p.
382 2816 444 2884 32),
472 2819 597 2887 accipiunt
621 2818 652 2869 de
686 2819 730 2871 itte
744 2820 768 2868 iu
785 2821 951 2887 paphlagonia
965 2820 1029 2871 urbe
1041 2816 1164 2888 Ἀβιότοο
1177 2825 1228 2873 τεῖ-

117 2901 161 2955 itta
172 2901 264 2954 Priami
280 2901 331 2955 sotio
347 2903 389 2970 qui
405 2903 453 2954 eho
468 2904 568 2956 nomine
579 2904 653 2955 Paria
687 2921 735 2968 χος
758 2901 822 2954 dicta
850 2909 965 2956 mortuus
993 2909 1019 2956 et
1045 2905 1165 2958 inamatus
1188 2907 1229 2957 sit.

117 2985 255 3040 dicebatur.
293 2986 345 3040 Sed
371 2985 436 3039 head
463 2988 536 3040 dubie
564 3002 653 3039 versus
690 2989 744 3052 Qua
765 2987 796 3038 de
817 3004 891 3040 eausa
913 2989 1070 3041 iteshernius
1091 2991 1178 3055 (Dios.
1199 2989 1229 3042 de
1280 3047 1287 3059 ,

116 3071 178 3145 tete⁸
189 3072 339 3125 Homericus
357 3073 386 3123 ab
403 3073 487 3139 atiquo
510 3073 583 3123 tinius
606 3072 653 3123 loci
689 3088 748 3123 reru
763 3076 844 3124 aetate
854 3074 1013 3141 Apategetiei
1024 3074 1122 3125 Athen.
1133 3076 1159 3138 §.
1170 3074 1229 3139 vu)

116 3155 222 3220 tectore,
241 3157 307 3225 quod
323 3158 404 3208 uirum
419 3156 449 3207 de
466 3156 555 3208 Paride
572 3157 653 3208 inter·
689 3156 856 3224 significatum
893 3163 982 3210 censet
1017 3173 1076 3209 esse
1114 3160 1230 3223 „hairum

116 3245 277 3308 protuetur,
303 3242 328 3292 iu
347 3242 459 3306 margine
477 3240 653 3307 velsuprati-
690 3240 813 3308 quendem
838 3245 864 3292 ei
885 3241 1000 3293 catiidum
1031 3243 1231 3308 veteratorem“,

116 3338 190 3376 neem
216 3324 359 3389 adscriptus
385 3329 440 3376 erat
464 3329 490 3377 et
514 3329 601 3392 posteo
628 3325 653 3375 in
689 3340 795 3394 quorum
819 3323 910 3375 raiultes
931 3325 972 3376 iile
999 3331 1083 3379 aetate
1115 3330 1230 3379 norimus

117 3409 200 3475 ipsum
231 3412 328 3458 textum
359 3409 473 3475 irrepsit.
510 3410 547 3461 Ci.
569 3425 590 3459 c.
610 3408 652 3459 it.
689 3424 735 3477 per
766 3408 897 3460 Greeciom
921 3414 946 3460 et
971 3410 1057 3461 Asiam
1088 3413 1230 3478 migrasse:

117 3490 195 3544 n.10.
224 3492 299 3542 Vides
314 3492 383 3544 illum
398 3509 498 3545 uersum
512 3493 653 3544 inchoatum
688 3495 749 3559 „qui
767 3508 842 3560 quum
858 3494 929 3543 virus
945 3493 1015 3546 iatsis
1032 3498 1156 3547 mortales
1170 3512 1229 3564 pro·

46 3632 55 3645 ,
118 3577 287 3629 narrationem
315 3577 477 3629 intercidere.
515 3576 579 3639 Quia
606 3578 653 3642 igi·
688 3577 1064 3641 digiisinsuiveueratiouem
1083 3582 1229 3646 pretrenia-

117 3661 178 3711 turi
215 3660 335 3726 intelligit
363 3662 539 3726 Athenagorae
566 3666 652 3713 notem
688 3665 744 3720 aet,
763 3666 877 3712 mortuus
896 3661 1230 3728 etiamaptehedeuasa-

116 3744 566 3812 quendemauiaetatiahominem.
599 3746 651 3797 ru-
687 3744 781 3796 lutatus
804 3747 872 3796 eat.“
907 3745 944 3796 3⁰.
963 3745 1230 3817 Proteuseatap·

16 3883 19 3889 ,
116 3827 250 3881 tementiue
279 3831 430 3895 (itemoirea
451 3831 480 3882 Τ.
503 3830 536 3882 ΙΙ.
554 3828 651 3897 ρ.350.
687 3830 768 3896 prime
782 3834 859 3881 notua
873 3830 915 3881 itte
933 3829 1104 3898 phitosophue
1118 3834 1231 3899 cynicus,

115 3910 177 3981 672)
193 3916 295 3967 coniicit
310 3916 375 3966 hune
386 3912 558 3966 Alexandrum
573 3915 651 3966 inisse
686 3914 768 3982 patrii
796 3915 934 3974 Parianus,
966 3910 997 3965 de
1023 3930 1074 3983 quo
1101 3918 1230 3970 Lucianm

115 3998 265 4054 sceleratum
298 4000 374 4051 tatum
402 3997 528 4049 homiuem
555 3998 597 4063 qui
621 4000 651 4051 ab
686 3998 771 4063 (itaet
788 3999 958 4065 Περεγρίνου
981 4001 1125 4067 τελευτῆς)
1151 4013 1230 4068 expo-

114 4083 191 4151 urhe,
208 4087 234 4139 in
256 4098 306 4153 gua
325 4080 391 4134 haud
411 4082 490 4132 mutto
514 4084 573 4134 aute
595 4083 650 4136 obi·
687 4082 746 4147 enit,
766 4082 791 4135 id
804 4081 870 4150 quod
886 4083 961 4136 etiam
977 4083 1094 4138 achotion
1110 4085 1137 4139 in
1152 4100 1232 4152 marg.
