2708 4666
277 182 539 247 soepucarlo
561 184 640 244 PRO
663 114 926 245 obambulant&
1095 181 1157 246 185

144 363 194 420 37.
216 355 283 422 Vos
306 361 418 434 autem,
434 373 453 418 o
469 357 521 438 qui
543 357 664 417 omuino
685 356 715 415 iu
738 356 878 416 omnibus
894 357 989 417 rebus
1004 352 1115 439 naturai
1129 361 1161 429 et

55 470 201 533 doctrina
222 469 297 528 boni
322 470 354 527 at
376 468 529 534 modarab'
551 469 583 526 et
606 465 729 526 humani
752 469 785 526 et
805 468 935 544 imperio
966 465 1050 544 digni
1073 470 1161 538 estis,

55 582 119 640 iam
148 579 238 658 milti,
276 583 439 655 postquam
462 578 691 637 criminationes
722 578 871 649 dissolvi,
901 595 938 636 ac
966 581 1104 638 nostram
1130 581 1162 639 in

57 691 151 750 deum
166 690 315 766 pietatem
332 692 364 747 et
385 690 649 748 mansuetudinem
672 690 704 745 et
718 688 836 746 animae
853 690 1088 765 temperantiam
1105 691 1163 749 de·

57 800 250 875 monstravi,
276 798 364 874 regio
383 799 485 875 capite
507 798 641 858 adnuite.
685 798 811 866 Quinam
832 799 911 856 enim
936 799 1093 874 digniores
1112 801 1163 874 qui

58 929 98 971 ea
116 928 195 987 quac
213 912 325 987 petunt
346 909 530 985 impetrent,
553 925 641 983 quam
659 908 709 982 qui
726 924 784 984 pro
807 907 937 983 imperio
959 912 1066 967 vestro
1086 925 1164 985 pre·

59 1039 166 1082 camur
183 1023 218 1080 ut
238 1020 321 1078 tilius
338 1036 355 1076 a
371 1021 472 1094 patre,
495 1022 589 1095 prout
609 1019 827 1094 aequissimum
847 1020 911 1092 est,
934 1034 1061 1093 regnum
1079 1020 1163 1078 acci·
1246 1032 1249 1037 ’

60 1132 176 1210 piatis,
212 1135 305 1204 atquc
327 1129 524 1187 incrementis
557 1131 589 1186 et
615 1126 846 1186 accessionibus
875 1128 968 1185 etiam
1002 1129 1162 1206 imperium

58 1245 223 1316 vestrum,
260 1239 399 1297 omnibus
422 1239 532 1297 ditioni
562 1241 689 1297 vestrae
720 1236 886 1316 subiectis,
916 1240 1093 1314 augeaturt
1130 1239 1166 1300 ld

59 1358 164 1413 antem
190 1352 222 1409 et
244 1352 373 1408 nostrae
392 1352 441 1407 cst
456 1349 600 1425 utilitati,
623 1351 657 1408 ut
679 1349 832 1424 placatam
856 1350 889 1405 et
914 1349 1047 1421 quietam
1071 1350 1165 1409 vitam

60 1463 289 1539 transigamus,
312 1462 344 1517 et
364 1460 514 1535 imperata
536 1459 637 1518 omnia
651 1457 774 1516 alacres
799 1457 1017 1517 ministremus.
1105 1488 1112 1511 ι

62 1755 117 1792 cum
144 1740 199 1789 toto
224 1750 328 1787 romano
351 1736 487 1803 jmperi0.“
522 1733 598 1803 Apol.
699 1728 834 1802 dfrjpaiv]
857 1733 894 1785 Ita
913 1733 1165 1803 codd.msli,prae-

62 1841 83 1878 c.
117 1822 167 1876 30:
200 1823 355 1887 „Precantes
384 1836 470 1871 sumus
498 1835 600 1887 semper
631 1824 672 1872 ter
696 1820 761 1872 Bon.
789 1815 892 1886 (duda)
915 1823 941 1872 et
970 1823 1026 1872 Aet
1056 1815 1165 1888 (ἡμᾶς).

61 1925 109 1980 pro
141 1908 254 1959 omnibus
280 1907 490 1973 imperatoribus,
523 1907 598 1958 uitam
632 1906 751 1958 Editores
782 1900 878 1972 aipein,
919 1907 1032 1973 exceptis
1064 1906 1165 1958 busaeo

62 1996 113 2048 illia
137 1993 277 2061 prolixam,
306 1992 437 2058 imparium
472 2007 599 2056 securum,
633 1993 736 2043 lllarano
766 1992 894 2044 Lindnero
922 1992 963 2058 qui
989 1996 1057 2043 recle
1088 1987 1167 2059 ἡμῶν

64 2081 165 2134 domum
180 2080 277 2130 tutam“
304 2081 351 2128 alc.
387 2077 507 2129 Prudent.
526 2076 599 2128 Peri·
633 2077 809 2128 restituerunt.
842 2077 1165 2145 Claristianoslltlrcnago-

64 2167 149 2234 aleph.
168 2165 199 2217 x.
215 2163 301 2216 417-
314 2160 373 2216 420.
633 2177 691 2228 ras,
722 2166 749 2213 ut
777 2162 893 2214 ostendat
916 2166 1034 2228 quantum
1057 2165 1168 2231 impera-

133 2251 158 2303 7.
178 2243 358 2315 ὑποχειρίων]
373 2246 416 2297 Sie
430 2249 515 2312 aparte
526 2243 597 2296 codd.
634 2250 714 2299 torum
738 2262 811 2298 causa
834 2248 945 2315 cupiant,
970 2247 1030 2301 dicit
1054 2250 1079 2300 in
1107 2265 1167 2318 pro·

63 2337 141 2391 mati:
162 2336 272 2401 excipias
285 2331 357 2385 Bodl.
377 2332 400 2381 1.
417 2330 440 2381 2.
460 2328 525 2381 Clar.
541 2329 599 2381 net.
633 2333 716 2400 speria
733 2333 911 2399 imperatorum
929 2334 1005 2385 rebus
1034 2338 1059 2385 et
1076 2335 1102 2387 in
1121 2350 1168 2402 pu·

64 2423 132 2476 Bon.
152 2422 194 2488 qui
212 2414 367 2485 ὁκοχειρῶν
385 2416 518 2468 exhibent·
548 2413 599 2466 Sed
634 2416 704 2469 blicis
723 2418 859 2470 commodis
878 2434 922 2471 sua
948 2420 1022 2470 etiam
1040 2418 1167 2472 commoda

66 2508 177 2562 Gesner.
205 2507 335 2559 substituit
356 2499 526 2568 ἐπιχωρίων,
545 2514 600 2551 cum
634 2503 759 2555 inuenire.

66 2608 147 2662 coque
170 2590 269 2645 dlorell.
294 2589 469 2653 Rechcnberg.
495 2591 521 2637 ct
544 2588 600 2651 (er-
702 2587 728 2640 9.
749 2582 825 2649 ὅπως
843 2581 888 2657 ἥρ.
909 2610 934 2642 κ.
953 2583 998 2657 ric.
1016 2590 1083 2661 dios
1103 2588 1168 2645 drai-

65 2695 125 2733 rore
142 2676 336 2746 typographico)
355 2675 473 2726 Dcehair.
492 2673 600 2740 iaciunt,
635 2674 740 2743 potura]
759 2675 774 2726 1
790 2675 898 2728 Timotlr.
916 2677 943 2742 2,
960 2676 985 2729 2.

66 2767 131 2818 oue.
148 2766 246 2817 tiaran.
265 2761 386 2816 Lindner.
405 2763 474 2811 recle
489 2752 601 2823 ὑποχει-
704 2758 745 2814 10.
763 2760 970 2828 κεκελευσμένοι]
985 2758 1168 2817 Lubuelevd-

68 2851 145 2916 plor.
180 2849 220 2902 En
246 2846 313 2912 vulg.
338 2843 505 2912 γιγνομὲνων
529 2844 600 2910 (Par.
636 2856 714 2911 pava.
747 2845 790 2897 Sic
808 2848 881 2900 eliam
898 2849 960 2915 Arg.
979 2849 1169 2917 supralineam.

67 2938 92 2991 2.
118 2937 183 3003 Arg.
208 2933 272 2986 tut.
295 2932 368 2986 Bodl.
393 2931 418 2984 2.
436 2930 502 2982 lton.
523 2930 601 2996 Bon.)
636 2930 714 2982 tidem
738 2929 787 2983 duo
804 2931 875 2984 codd.
902 2946 959 2984 mox
981 2927 1169 3001 ὑπηρετοῖμεν,

68 3024 140 3077 odaei
164 3019 282 3088 (reliquis
310 3017 381 3071 codd.
412 3018 484 3069 mstis
508 3017 601 3082 fretus)
636 3014 680 3068 sed
699 3017 762 3082 Arg.
786 3032 861 3084 supra
891 3016 981 3069 lineam
999 3011 1168 3086 ὑπηρετοίη-

68 3104 230 3178 peroptans.
264 3105 304 3158 cl.
322 3121 344 3157 e.
364 3102 388 3157 6.
407 3119 432 3156 n.
451 3101 491 3155 19.
637 3119 694 3170 μεν.
