2708 4666
336 177 394 243 oa
416 178 751 243 ausonnscmona
772 125 1038 249 moarooaoor.'
1181 183 1246 250 ooo

122 367 216 428 quam
242 352 367 428 quidem
399 353 501 413 solam
530 352 709 414 alimentum
740 355 972 435 appellaverit,
1009 358 1038 417 si
1071 356 1141 434 qaia
1164 372 1244 419 vera

120 462 247 522 nomina
264 463 360 522 rebus
376 463 523 539 imponat,
549 463 673 538 atquae
683 465 833 540 quidquid
849 467 983 550 alienum
999 469 1031 527 at
1048 469 1176 528 noxium
1191 469 1244 528 est

122 571 282 632 nutriendi
305 571 448 632 animalis
472 571 688 631 constitutioni
713 576 745 632 et
774 591 916 650 magnum
945 575 1025 652 illud
1054 577 1177 654 pondus
1201 578 1243 638 ad

122 684 267 741 ventrem
290 680 478 757 implendum
504 684 537 739 et
560 682 600 740 ad
624 681 736 741 samem
758 684 932 743 satiandam
954 681 1140 746 inculcatum
1158 686 1241 747 abii·

120 791 195 850 ciat.
241 789 306 849 Sed
329 789 390 850 lroc
412 791 535 865 quidem
557 791 736 850 alimentum
762 808 851 851 nemo
871 792 1065 852 dubitaverit
1083 811 1151 854 cum
1166 811 1242 855 cor·

120 917 201 978 pore
234 899 318 976 quod
349 899 445 958 alitur
482 899 684 976 coalescere,
715 900 904 977 implicatum
935 907 968 960 ct
996 903 1241 979 conglutinatum
1311 889 1318 898 ⁸

120 1010 265 1069 omnibus
288 1009 355 1068 eius
379 1009 525 1068 membris
549 1012 582 1067 et
610 1010 818 1069 membrorum
846 1010 1005 1086 partibus:
1047 1012 1131 1087 quod
1159 1027 1240 1073 varo

120 1120 217 1180 aliter
237 1136 273 1178 se
299 1117 396 1176 habet
419 1122 452 1177 et
475 1120 627 1177 amatura
653 1118 788 1178 alianum
806 1123 855 1178 est
879 1120 942 1179 cito
966 1122 1141 1199 corrumpi,
1163 1122 1191 1182 si
1207 1117 1240 1182 in
1317 1195 1323 1208 ι

120 1228 258 1287 maiores
283 1229 369 1286 vires
391 1226 556 1301 inciderit,
590 1226 685 1286 facile
705 1233 808 1287 autem
838 1245 1040 1306 corrumpere
1062 1231 1090 1289 si
1114 1231 1239 1311 vicerit,

120 1341 153 1397 et
168 1338 202 1395 in
228 1352 346 1412 pravos
369 1352 480 1395 succos
504 1338 537 1394 et
562 1340 733 1396 venenatas
752 1338 922 1413 qualitates
937 1340 1097 1417 converti,
1121 1340 1239 1418 quippe

119 1465 214 1523 quum
234 1446 362 1522 corpori
384 1446 550 1505 nutriendo
573 1445 652 1504 nihil
674 1450 838 1522 cognatum
856 1449 909 1506 aut
935 1447 1065 1507 amicam
1082 1447 1175 1509 serat.
1195 1446 1240 1510 lie
1261 1481 1265 1485 -

119 1557 214 1616 huius
239 1556 287 1615 rei
308 1556 473 1615 maximum
496 1556 618 1631 siguum
639 1556 689 1613 cst
712 1556 795 1630 quod
820 1557 849 1614 in
870 1557 974 1615 multis
991 1556 1176 1616 animalibus
1196 1574 1239 1618 ex

119 1666 275 1727 eiusmodi
297 1665 453 1723 alimentis
476 1665 686 1739 consequatur
703 1664 796 1723 dolor
811 1668 864 1724 aut
884 1664 1056 1742 perieulum
1072 1667 1126 1724 aut
1141 1671 1237 1749 mors,

119 1777 148 1837 si
171 1792 249 1853 prae
273 1774 388 1833 acriori
411 1774 606 1850 appetitione
629 1774 748 1848 aliquid
769 1775 919 1833 venenosi
935 1776 998 1832 eta
1015 1776 1127 1833 natura
1140 1774 1238 1835 alieni

119 1886 290 1946 admixtum
324 1883 471 1942 alimento
502 1882 672 1940 traxerint:
705 1882 788 1957 quod
821 1883 944 1958 quidem
975 1883 1118 1960 corpori,
1152 1885 1237 1960 quod

119 1996 236 2070 alitur,
258 1993 428 2070 perniciem
444 1993 567 2081 omnino
582 1991 691 2059 affert,
714 1991 866 2066 siquidem
882 2008 961 2067 quac
975 1992 1102 2051 aluntur
1116 2007 1237 2070 cogua-

119 2104 163 2163 tis
184 2107 216 2161 ct
239 2103 278 2162 ad
297 2103 437 2160 naturam
453 2099 695 2159 accommodatis
715 2099 810 2158 rebus
830 2101 972 2177 aluntur,
994 2104 1236 2179 corrumpuntur

118 2228 199 2272 vero
222 2211 398 2271 contrariis.
442 2208 542 2284 igitur
565 2207 592 2265 si
615 2222 675 2283 pro
697 2209 786 2267 varia
802 2207 978 2267 animalium
999 2212 1111 2269 natura
1125 2211 1236 2272 variae
1275 2205 1277 2208 ’

119 2324 193 2381 eunt
216 2321 355 2380 ciborum
373 2320 505 2376 naturae
526 2317 761 2393 congruentium
778 2318 919 2396 species,
942 2334 1001 2378 nac
1022 2319 1173 2396 quidquid
1193 2336 1234 2380 cx

117 2429 169 2489 iris
187 2430 264 2506 ipsis
281 2427 389 2502 [cibis]
405 2426 445 2485 ab
461 2426 586 2485 animali
602 2428 734 2486 sumtum
749 2425 846 2486 suerit
860 2427 892 2486 id
908 2443 975 2486 cum
988 2443 1134 2505 corpora,
1149 2428 1234 2504 quod

118 2539 234 2616 alitur,
262 2539 360 2597 totum
383 2535 550 2612 coalescit,
580 2536 671 2595 immo
693 2551 750 2595 nec
771 2551 846 2614 pars
869 2535 954 2595 illius
974 2537 1152 2616 quaelibet,
1173 2538 1233 2599 sed

119 2852 191 2901 tone
236 2849 447 2902 sincerissimam
491 2847 659 2899 alimoniam.
694 2861 740 2914 pro
765 2843 885 2913 τούτου,
910 2863 946 2901 ec.
973 2868 998 2901 r.
1017 2843 1157 2914 deiparae.
1192 2847 1231 2901 lte

118 2918 245 3002 Equidem
272 2934 398 3001 expunxi,
423 2948 499 3001 quum
524 2931 615 2983 al’ar.
634 2930 657 2983 1.
693 2929 785 2999 μέρεσι
804 2930 1014 2999 accommodi
1032 2947 1054 2983 c.
1072 2933 1098 2986 3.
1118 2948 1144 2986 n.
1163 2930 1207 2988 14.

119 3019 146 3071 3.
173 3019 235 3084 Arq.
263 3016 330 3070 clar.
348 3016 373 3069 2.
399 3017 456 3084 Biq.
481 3016 573 3070 absint.
604 3015 658 3067 lla-
761 3049 803 3101 12·
825 3046 953 3115 ἔχουσαν]
985 3048 1083 3117 Nempe
1108 3043 1229 3118 mm

118 3103 212 3156 mutor
231 3103 256 3154 in
277 3118 354 3169 marg.
372 3101 432 3154 Par.
452 3103 466 3154 1
486 3106 512 3155 et
530 3102 593 3166 Arg.
613 3093 657 3169 (ἤ-
693 3134 742 3199 353
770 3131 889 3200 plume.

118 3205 188 3257 paov
217 3184 284 3256 τήν
309 3182 656 3253 altisonantiam),
744 3175 750 3189 ⁵

118 3277 148 3326 ut
166 3273 196 3325 ed
215 3271 337 3325 lectorem
356 3271 506 3324 monendum
527 3273 656 3339 apposita:
762 3251 802 3350 1⁸³·
822 3246 915 3348 dioec]
935 3250 1000 3315 Ᾰῐῑ·
1015 3243 1122 3317 &Milli
1139 3254 1167 3303 ⁰²
1183 3264 1229 3304 Ν·

119 3356 187 3427 quod
211 3360 361 3422 argumente
379 3360 419 3409 est
443 3357 470 3409 in
489 3357 594 3408 alierum
612 3369 657 3407 ce·
693 3351 737 3404 lln
757 3337 848 3388 ΗΜ
867 3336 945 3400 alpe.

119 3441 202 3496 dicum
220 3446 319 3494 textum
338 3457 353 3494 e
372 3442 485 3508 margine
510 3441 655 3507 irrepsisse.
761 3450 803 3505 14,
823 3449 1022 3519 φαρμακῶως]
1041 3450 1102 3502 Aps,
1114 3467 1229 3519 φαρμα.

118 3527 180 3580 llox
208 3527 277 3579 Clau.
294 3524 313 3579 2
329 3520 553 3596 ἆφιοβητήοοιεο.
587 3524 656 3576 idem
691 3532 804 3598 „dam

117 3606 1236 3722 mwwwwffl·mmmwww

188 3782 231 3835 11·
244 3777 528 3847 mmmmm]
545 3778 656 3831 spem
692 3736 779 3796 erade.
811 3739 872 3793 liox
892 3742 952 3794 set.
971 3735 1159 3807 τρεπομένου,
1177 3752 1231 3793 aaa
1258 3803 1264 3812 ἱ
1292 3776 1295 3781 -

119 3866 143 3919 1.
171 3865 197 3917 3.
224 3864 290 3930 Arg.
323 3863 391 3915 clar.
418 3861 445 3915 2.
473 3863 531 3929 Big.
557 3862 658 3915 caeteri
693 3827 877 3895 τρεφομένου·
1108 3881 1111 3885 -
1207 3919 1214 3938 '

117 3948 190 4004 codd.
218 3949 277 4000 mati
304 3961 430 4015 sequere
454 3947 515 4000 editi
539 3951 658 4015 caparia-
763 3926 804 3982 1⁶·
824 3922 1018 3996 mlitiosam]
1046 3924 1114 3978 Chr·
1131 3923 1150 3977 2
1166 3924 1230 3994 dep-

117 4031 251 4101 οιομένην.
280 4032 357 4084 Amet
375 4032 552 4098 Athenagoras
570 4034 659 4086 iatius·
694 4032 786 4082 iiim·
822 4013 881 4065 30²·
900 4005 991 4080 ‘immi
1010 4024 1058 4080 lm
1075 4004 1178 4075 ῐθθφῆ·

118 4117 186 4172 nodi
204 4117 357 4186 composita.
382 4116 447 4168 lieln
463 4117 528 4184 Arg.
548 4115 659 4173 τούτων
763 4113 805 4169 17.
825 4107 903 4176 orire]
927 4112 987 4164 Aet.
1005 4102 1059 4164 ὅτι.

154 4206 492 4278 mmmm
984 4201 1025 4266 u
