2708 4666
237 1118 278 1205 1.
336 1120 405 1206 De
431 1116 559 1207 huius
589 1120 808 1215 editioniu
824 1125 1012 1213 ratione.
1041 1202 1044 1207 .

56 1283 262 1390 Tertor
289 1316 464 1388 Orationis
481 1319 620 1389 Tatiani
646 1323 778 1414 Assyrii
802 1324 885 1411 πρός
903 1325 1056 1411 Ἕλληνάς
1080 1347 1100 1392 a
1125 1346 1181 1393 me

54 1444 184 1536 petitur
212 1453 264 1513 eet
291 1467 334 1513 ex
364 1448 602 1535 antiquissimo
627 1448 780 1540 optimae
805 1457 909 1515 notae
938 1448 1059 1518 codice
1081 1449 1182 1517 Pari-

56 1571 132 1639 riuo
156 1594 191 1638 n.
227 1572 321 1656 174,
356 1594 482 1663 graeca
512 1596 616 1642 manu
644 1583 784 1642 exarato
816 1596 857 1641 ac
894 1596 991 1642 mene
1024 1574 1182 1645 editionis
1213 1668 1216 1675 Ι

58 1696 165 1789 gratia
190 1719 305 1764 rursus
333 1698 552 1789 perlustrato.
593 1699 738 1768 Minime
758 1721 840 1767 vero
866 1711 1020 1770 caeteros
1039 1700 1181 1793 neglexi

60 1821 196 1890 codices
227 1823 382 1891 inferiori
412 1835 523 1893 aetate
565 1826 711 1917 scriptos
755 1835 815 1893 aut
833 1816 837 1821 ⁸
857 1827 955 1916 parri
986 1827 1181 1907 aestimavi3

59 1948 263 2039 pierumque
301 1948 391 2016 eninr
429 1972 516 2019 unus
559 1954 676 2020 eorum
714 1952 845 2019 alterve
884 1951 1081 2018 testimonio
1118 1972 1182 2019 auo

61 2074 295 2141 anctoritatem
321 2073 467 2142 Parisini
495 2077 608 2167 primo
632 2077 713 2144 loco
741 2075 848 2165 poeni
879 2094 1096 2166 magnopere
1116 2094 1181 2144 au-

63 2199 123 2267 rit:
146 2198 333 2284 interdum,
359 2198 431 2267 iere
458 2199 702 2287 quaterdecies,
747 2197 981 2266 emendatiora
1011 2199 1180 2290 cuppedi-

64 2335 180 2394 tamne
233 2324 349 2392 Etiam
375 2324 581 2413 fragmenta,
609 2345 698 2410 quae
727 2323 899 2393 Eusebius
924 2346 975 2403 ex,
994 2324 1061 2392 hac
1085 2322 1180 2394 Ora-

65 2451 149 2519 tione
179 2474 261 2519 auae
294 2447 554 2538 Praeparationi
589 2450 812 2541 evangelicae
847 2449 1011 2532 inseruit,
1061 2449 1182 2535 critica

64 2577 243 2645 attulerunt
270 2572 439 2642 subsidia:
497 2572 624 2660 quibua
659 2575 806 2665 passima
844 2575 918 2643 fere
953 2574 1125 2660 sedeciae,
1161 2598 1181 2643 a

65 2703 187 2771 cunctis
217 2699 397 2769 codicib'na
424 2697 493 2765 illia
519 2696 668 2767 discessi.
729 2702 809 2767 Non
843 2711 956 2770 autem
979 2701 1061 2770 licet
1095 2701 1181 2769 eori-

66 2839 193 2917 ptorenr
225 2824 431 2894 coniecturis
460 2830 593 2891 tentare
625 2825 691 2892 niai
716 2827 777 2895 ubi
803 2849 936 2896 summa
960 2827 1179 2919 corruptelae

64 2953 99 3021 rit
124 2952 317 3023 evidentiae
363 2974 403 3018 ac
436 2960 509 3019 tum
549 2948 711 3038 demum,
762 2952 836 3021 iere
869 2953 1003 3035 tricies,
1053 2959 1181 3018 certam

63 3079 241 3167 quamdam
273 3077 502 3144 coniecturam
534 3076 605 3146 aive
628 3077 673 3145 ab
701 3078 776 3146 aliis
802 3076 1018 3168 propositam
1054 3072 1125 3140 rive
1160 3096 1183 3140 a

63 3227 112 3272 me
135 3206 214 3296 ipso
241 3203 470 3295 excogitatam
492 3202 661 3271 absurdae
683 3203 835 3270 omnium
861 3199 1020 3269 codicum
1039 3197 1183 3266 lectioni

61 3329 226 3421 praetuli;
268 3329 392 3397 iustam
421 3327 512 3395 eninr
543 3326 721 3396 audaciam
758 3325 920 3417 equidem
953 3346 1025 3394 non
1058 3347 1181 3418 repre-

61 3454 187 3541 hendo,
213 3454 277 3523 aed
300 3454 527 3522 temeritatem
549 3474 674 3521 censeo
701 3451 937 3521 coercendam.
994 3450 1054 3519 Sic
1074 3451 1183 3542 igitur

60 3579 184 3649 iactum
211 3589 264 3648 ert
291 3590 329 3647 ut
359 3581 395 3647 in
432 3578 670 3646 constituenda
706 3587 818 3648 textus
849 3576 1049 3646 recensione
1080 3575 1181 3643 Pari-

59 3707 168 3775 ainum
196 3715 362 3775 vetustate
397 3713 433 3772 et
476 3704 678 3771 auctoritate
716 3704 993 3796 praevalentem,
1053 3701 1180 3769 auxilio

58 3833 204 3901 edorum
230 3831 390 3900 codicum
414 3852 524 3919 aeque
548 3853 588 3897 ac
614 3828 887 3920 fragmentorum
905 3825 1181 3895 Eusebianorom

61 3967 95 4026 et
119 3957 394 4028 coniecturarum
425 3955 578 4043 adiutus,
612 3952 849 4023 tantummodo
878 3952 1053 4044 sexaginta
1077 3951 1179 4018 circi-

61 4093 113 4152 ter
151 4083 236 4152 locis
277 4083 575 4171 derelinquerem,
627 4080 732 4170 idque
762 4100 1009 4171 saepenumero
1034 4082 1182 4171 orontes
