2708 4666
462 212 610 274 ORATIO
637 214 693 274 ΔΙ)
717 213 911 276 GRAECOS.
1189 219 1231 286 ⁴5

116 383 203 443 iamt
250 382 328 452 Quia
352 385 456 443 autam
480 399 541 443 non
568 384 672 444 rideat
700 384 860 446 Deltotum
885 388 965 448 illud
986 395 1118 468 propter
1149 391 1231 472 Sici·

118 492 208 569 liam,
231 495 268 552 ιιι
286 492 473 568 quibusdam
491 492 614 571 placet,
645 495 714 571 val,
744 499 779 556 ut
802 498 976 576 nonnullis,
1007 505 1140 579 propter
1161 504 1231 582 pri·

120 618 194 661 nam
228 600 316 661 lovis
351 601 576 679 appellationis
606 602 733 663 literam
760 604 842 665 inter
875 608 964 668 astra
992 613 1231 672 consecratumi

123 709 254 770 Carnam
278 726 341 770 non
370 709 534 770 Sardiniae
562 728 687 787 quoqne
713 714 746 772 ot
774 713 880 792 Cypro
907 717 1028 776 coelum
1050 735 1232 781 concessum

124 818 192 879 eati
237 819 337 889 Quam
358 820 400 881 ob
423 837 547 881 canaam
571 837 633 879 non
653 820 739 882 lovis
762 839 885 900 quoquo
906 825 1049 904 fratrum,
1079 828 1133 904 qui
1153 847 1231 907 par·
1290 903 1294 914 Ι

124 929 167 988 titi
196 931 272 989 eunt
302 944 419 1007 regna,
480 930 643 990 literarum
676 931 796 1008 figurae
826 934 856 992 in
888 937 979 996 coelo
1008 935 1092 997 fixae
1133 938 1231 998 cunti

126 1039 280 1107 anamodo
311 1039 435 1100 vinnius
466 1037 620 1100 Saturnus
642 1040 675 1098 at
700 1057 800 1117 regno
826 1043 945 1104 ciectus
969 1044 1028 1105 fati
1049 1046 1230 1107 moderator

126 1149 346 1210 nmotncuro
376 1146 416 1209 lli
440 1151 595 1224 quomodo
613 1165 713 1226 regna
737 1150 833 1211 donat
858 1153 911 1228 qni
931 1170 993 1214 non
1013 1154 1075 1214 iam
1089 1158 1229 1233 regnati

127 1256 271 1321 Proiicita
293 1258 390 1334 igitur
416 1258 476 1318 has
506 1275 624 1337 nugae,
672 1274 753 1319 navo
781 1260 897 1321 inineto
925 1262 957 1322 in
990 1279 1048 1324 noe
1080 1266 1154 1326 odio
1179 1265 1229 1327 ias

127 1371 151 1426 et
171 1366 242 1427 iura
267 1367 398 1428 violate.

204 1503 255 1561 lt).
293 1499 449 1561 Narratur
476 1499 625 1561 fabulosa
653 1500 810 1561 hominum
841 1502 1094 1564 transformatio:
1120 1510 1229 1568 trana-

128 1609 294 1671 formantur
328 1612 412 1689 apud
444 1625 503 1671 vos
530 1610 629 1668 etiam
662 1609 714 1668 dii.
772 1611 862 1670 Rhea
892 1612 926 1670 fit
947 1613 1060 1691 arbor,
1087 1613 1229 1693 luppiter

129 1720 215 1780 draco
246 1721 380 1797 propter
411 1719 651 1796 Proserpinam,
684 1720 795 1796 populi
827 1719 1012 1781 Phaetontis
1034 1739 1173 1801 sorores,
1196 1731 1228 1784 ot

129 1825 240 1888 latona
263 1829 328 1889 vilo
351 1829 476 1906 animal,
511 1830 644 1906 proptor
667 1844 757 1903 qnam
781 1828 914 1908 Ortygia
938 1833 1053 1892 vocata
1075 1836 1125 1892 est
1148 1851 1227 1916 quac

130 1954 199 1999 nunc
226 1938 326 1999 licius
350 1939 409 1998 ost.
447 1937 532 1998 Deus
557 1953 618 2014 age
646 1938 681 1997 lit
715 1954 853 2016 cygnus,
888 1940 921 1997 et
948 1941 1074 2015 aquilae
1096 1940 1226 2003 sormam

131 2048 268 2127 ruccipit,
289 2050 322 2109 ot
343 2048 415 2108 dum
436 2045 646 2125 Ganymedem
668 2063 687 2106 a
708 2048 830 2124 poculis
850 2047 948 2108 habet
973 2049 1012 2109 de
1038 2051 1125 2127 turpi
1146 2068 1226 2128 pue·

131 2173 226 2219 rorum
246 2173 355 2219 amora
384 2157 568 2236 gloriaturi
624 2155 705 2225 Quid
731 2157 846 2216 attinet
866 2156 944 2217 daos
969 2157 1077 2218 colera
1097 2176 1227 2221 munera
1315 2172 1319 2179 ‘

135 2488 190 2543 lel'ui
207 2506 222 2544 e
242 2491 298 2544 loco
317 2490 446 2546 beneficae
459 2491 549 2546 stallae
563 2491 656 2544 euffro-
693 2489 773 2558 Vulgo
797 2487 999 2558 Φερσέφασσαν
1024 2492 1060 2558 (c.
1080 2491 1105 2543 1.
1132 2506 1157 2544 n.
1178 2490 1226 2560 15)

136 2574 190 2639 pan
205 2576 360 2630 oonhrlerint
386 2578 471 2646 aitque
499 2577 589 2638 diurna
609 2591 655 2644 ge·
690 2575 792 2642 legitur.
808 2605 842 2616 -
875 2575 949 2643 Quod
976 2577 1087 2644 scriptor
1114 2575 1145 2628 de
1175 2577 1225 2629 La-

136 2658 220 2714 aitarr:
245 2667 320 2716 natae
336 2662 379 2715 ille
403 2663 505 2716 iuturus
527 2666 566 2715 ert
581 2660 655 2715 nobi·
689 2664 750 2715 tona
771 2665 858 2715 nerrat
874 2661 900 2714 id
921 2661 1092 2732 Apollodorus
1117 2666 1144 2715 ei
1169 2661 1225 2728 lly-

137 2739 173 2808 a,
197 2747 386 2816 praeclarisque
413 2748 440 2801 in
466 2748 606 2802 actionibus
626 2762 655 2801 ac
690 2746 765 2813 ςίιιιι
785 2744 817 2800 de
842 2747 955 2814 Arteria,
976 2747 1044 2800 illiue
1063 2761 1163 2809 sorore,
1182 2761 1226 2800 re-

137 2832 229 2895 necin
247 2834 402 2901 versabitur,
431 2834 551 2900 honores,
570 2833 654 2900 digni·
689 2831 791 2885 tenant:
820 2847 885 2901 quae
913 2833 940 2885 in
969 2833 1124 2885 coturnicem
1161 2826 1226 2900 (iip-

138 2916 189 2969 ialea
211 2919 425 2986 magistratusque
459 2933 504 2972 eoa
531 2933 656 2972 consecu-
690 2918 772 2985 enyo)
800 2922 893 2970 maula
918 2932 947 2969 cc
976 2917 1002 2968 in
1029 2931 1099 2969 mare
1117 2915 1225 2981 demisit,

138 2999 203 3068 lucr,
227 3018 293 3071 quoa
321 3004 404 3070 aigun,
430 3003 486 3057 loca
510 3004 655 3070 signoruni-
691 3015 723 3054 er
748 3016 828 3071 eaque
856 3002 940 3054 incula
963 3004 1037 3054 cuein
1062 3004 1117 3066 aet,
1160 3014 1226 3068 qaae

139 3096 176 3148 ιιι
188 3087 298 3156 weram
318 3087 567 3157 dominicorumque
593 3104 656 3144 con·
691 3085 812 3154 Ortygiae
831 3101 859 3140 ac
880 3089 969 3155 postea
991 3085 1049 3136 Deli
1069 3097 1162 3135 nornen
1184 3098 1226 3135 ac-

139 3163 285 3233 imatione
301 3172 518 3242 pollicebantur.“
691 3173 766 3241 cepit.
802 3171 842 3224 cl.
860 3170 941 3236 Pauly
961 3167 1226 3233 Redi-Eneyclopoe-
1256 3180 1258 3184 ’

189 3255 229 3311 13.
248 3254 457 3327 Καταβᾶλιιτε]
481 3258 545 3312 Duc.
570 3277 655 3313 κατα·
691 3257 734 3309 die
751 3257 777 3308 d.
794 3257 873 3308 clota.
890 3253 1129 3306 litentumcwtss.
1154 3251 1226 3304 Tam.

136 3333 225 3401 βάλω.
266 3342 328 3396 Aet.
355 3346 383 3394 et
408 3342 467 3396 Par.
486 3342 506 3396 2
527 3342 654 3414 καββᾰλ-
690 3341 710 3393 l.
729 3338 827 3408 peto
845 3338 978 3391 lincaeua:
997 3336 1069 3406 „Alii
1083 3335 1228 3390 maluerant

135 3424 188 3481 baa.
207 3454 243 3466 -
275 3427 328 3480 Pro
346 3424 563 3497 eapaecpp'cper
579 3429 655 3484 iidem
690 3426 812 3478 Latonam
827 3424 909 3493 ipsam
932 3422 979 3476 snb
993 3426 1095 3492 tempus
1110 3420 1226 3491 pariendi

135 3509 219 3566 aliaeu
242 3512 464 3581 παρανομιοητε.
689 3512 716 3563 in
747 3509 903 3563 coturnicem
933 3521 1032 3561 verrem
1064 3507 1092 3560 in
1117 3507 1226 3561 insulam

188 3596 212 3650 1.
237 3594 367 3664 Aivdcov
387 3596 448 3666 eta]
471 3597 576 3652 Ovidius
597 3597 655 3652 lle-
689 3594 816 3647 velavisse
845 3596 872 3645 et
897 3593 944 3646 ent
966 3581 996 3645 ea
1018 3593 1098 3646 iornra
1120 3590 1226 3646 latuieae

134 3682 181 3734 ian.
200 3683 223 3735 1
239 3680 315 3752 [104]
335 3682 410 3735 Attin
427 3697 550 3752 puerrmn,
568 3683 654 3736 Rhana
690 3681 830 3747 lunonem,
876 3677 943 3731 uude
973 3681 1063 3747 postea
1095 3676 1227 3744 Ortygiam

131 3761 235 3834 idda,
266 3768 294 3822 io
319 3768 406 3836 pinum
433 3768 550 3822 arborem
572 3773 654 3822 muta-
689 3764 798 3818 insulam
823 3763 972 3830 nominarit,
1009 3777 1073 3832 qaae
1101 3776 1156 3814 eam
1179 3776 1226 3816 er·
1333 3813 1337 3819 .

130 3850 173 3904 hm
198 3853 303 3920 ecribit3
339 3851 371 3905 de
395 3854 451 3922 ipen
476 3857 560 3906 autem
583 3854 655 3908 Rhea
690 3854 802 3919 ceperat.
856 3849 918 3902 Vide
953 3848 1067 3902 Natalem
1101 3847 1227 3901 comitem

128 3935 182 3989 adn
199 3938 252 3990 tale
267 3936 329 4004 logi.
381 3937 525 3992 (leonem.
546 3965 581 3977 -
615 3938 654 3992 De
689 3934 862 4002 llyihologiae
879 3935 924 3987 lib.
944 3933 989 3986 lx.
1009 3949 1031 3986 c.
1053 3932 1097 3985 6.“

126 4018 179 4074 lore
198 4022 247 4076 aui
272 4020 391 4075 maeonia
415 4023 494 4075 torma
517 4022 654 4092 Proserpi·
757 4017 784 4071 2.
809 4015 881 4081 Θεὸς
900 4017 963 4088 etc]
990 4017 1106 4087 luppiter
1133 4016 1160 4068 iu
1181 4030 1225 4080 cy·

125 4119 176 4160 aaa
205 4106 317 4166 violente
344 4103 422 4161 adera
449 4123 471 4160 c.
500 4107 527 4160 8.
555 4106 654 4177 ιι.,17.
691 4120 769 4172 gnum
791 4107 903 4157 mutatae
921 4106 972 4170 eet,
986 4107 1016 4157 ιιι
1032 4099 1128 4155 Ledam
1151 4098 1225 4151 vilir-
