2708 4666
451 217 681 281 0111110111
707 215 903 282 GRAECOS.
1175 218 1239 289 129

129 390 377 468 111111111111,
419 391 537 452 uostris
565 393 669 452 autem
696 392 872 469 virginibus
909 393 1076 455 convitium
1105 392 1237 456 tacitist

125 501 316 561 Adolescens
345 501 417 560 erat
445 498 609 578 Achilles,
659 503 692 561 et
728 501 894 562 admodum
931 519 1105 580 generosus
1135 502 1238 567 foisse

123 611 274 686 oreditnr3
303 612 336 670 et
364 610 467 669 iunior
490 608 731 687 Neoptolemus,
772 613 829 673 sed
853 612 948 673 sortis
971 615 1057 689 erat,
1099 613 1237 676 infirmus

120 719 331 797 Philoctetes,
378 719 436 779 sed
466 734 519 779 eo·
538 719 655 797 egebat
690 721 846 782 adversus
878 721 1004 782 Troiam
1032 722 1238 784 doemonium.

119 830 225 901 dualis
252 829 315 891 tuit
338 828 529 889 Thersites?
573 829 688 889 l'amen
715 831 827 890 ductor
854 834 924 891 erat
947 832 1097 910 agminis:
1121 849 1159 893 ao
1177 833 1239 893 nisi

118 934 380 1002 immoderata'in
404 955 443 999 ee
473 939 649 1014 loquacitas
678 940 719 999 ob
747 940 935 1016 imperitiam
959 942 1149 1021 exstitisset,
1175 958 1239 1004 non

117 1069 191 1113 rouo
218 1050 252 1112 ei
272 1051 397 1110 acutum
427 1051 460 1108 et
483 1048 607 1108 calvum
627 1051 721 1126 caput
743 1050 969 1127 exprobratum
994 1049 1119 1111 luisset.
1160 1051 1237 1121 Qui·

118 1176 238 1238 unque
261 1157 485 1237 philosophari
504 1159 589 1234 apud
608 1173 667 1218 nos
689 1159 800 1219 volunt
821 1176 877 1219 eos
898 1176 939 1219 ex
962 1160 1053 1221 vultu
1074 1177 1137 1221 non
1157 1176 1238 1239 pro·

118 1272 244 1348 butus,
293 1284 353 1328 nec
384 1268 425 1327 de
450 1266 672 1327 accedentibus
703 1268 848 1328 iudicium
878 1284 919 1328 er
946 1270 1058 1331 habitu
1088 1270 1237 1348 saeimns3

119 1396 185 1443 um
207 1377 311 1440 roltnr
337 1376 431 1437 animi
455 1376 596 1437 omnibus
624 1377 731 1436 inesse
759 1393 856 1455 posse
888 1395 1063 1455 censemus,
1093 1381 1237 1456 quamvis

120 1488 247 1551 infirmis
269 1488 334 1547 sint
355 1486 553 1564 corporibus.
600 1484 719 1545 Vestra
750 1490 854 1547 antem
879 1487 1016 1548 invidiae
1039 1484 1133 1565 plena
1166 1491 1239 1550 sunt

123 1616 157 1661 ae
174 1597 298 1660 stultae
319 1596 495 1657 socordiae.

179 1710 256 1769 ³³3.
286 1706 490 1784 Quapropter
519 1722 560 1764 ex
586 1706 626 1765 iis
653 1705 752 1766 rebus
774 1724 853 1783 quas
879 1724 937 1768 vos
956 1708 987 1767 in
1008 1707 1113 1784 pretio
1134 1706 1237 1767 habe·

123 1819 161 1878 tis
182 1818 404 1879 demonstrare
434 1814 563 1874 decrevi
593 1815 737 1876 instituta
763 1818 887 1893 quidem
916 1821 1027 1878 nostra
1055 1818 1238 1895 temperan-

124 1928 194 1990 tiam
216 1941 361 2002 mesre,
396 1929 506 1984 vestra
535 1941 633 1984 vero·
650 1921 773 1986 insaniei
796 1925 919 1986 referta
947 1942 1030 1986 esse.
1080 1924 1160 1986 Nam
1184 1925 1238 2003 qni

125 2052 177 2098 nos
197 2038 284 2097 inter
308 2036 457 2096 mulieres
480 2036 513 2094 et
545 2035 784 2113 adolescentes,
829 2037 913 2096 inter
935 2036 1077 2113 virgines
1103 2038 1136 2095 et
1157 2052 1236 2097 anus

126 2147 231 2227 nugari
254 2130 378 2222 dicitis,
404 2146 438 2204 et
462 2145 537 2220 quia
566 2144 728 2205 vobiscum
757 2160 820 2203 nou
846 2144 1131 2221 sumus-irridetis,
1162 2144 1238 2220 qnid

128 2274 272 2335 nugarum
300 2254 405 2315 lerant
425 2271 479 2314 res
502 2252 695 2315 Graecorum
716 2255 833 2314 audite.
885 2253 1049 2331 Nugantur
1076 2252 1157 2313 enim
1179 2268 1238 2312 eo·

129 2363 188 2430 rum
210 2365 356 2430 institute
386 2365 461 2428 dom
476 2346 606 2423 'maiore
629 2363 660 2421 in
690 2362 795 2440 pretio
827 2365 899 2422 sunt
930 2380 1021 2439 qnam
1051 2362 1153 2423 vestri
1183 2361 1238 2440 dii,

132 2744 290 2812 1111111111,
309 2743 376 2814 qood
399 2742 524 2809 louificoe,
549 2745 660 2808 sulores,
695 2740 1124 2811 ll.e.10,lltheuugoraslpol.
1149 2756 1171 2795 e.
1193 2739 1236 2808 11,

131 2829 227 2885 telloneo
251 2830 280 2883 iu
306 2830 361 2882 suis
387 2828 491 2881 aeditus
509 2831 535 2881 et
551 2827 661 2880 illiters-
696 2826 815 2879 clemens
834 2826 909 2880 Alex.
938 2827 1034 2880 Strom.
1060 2827 1104 2878 lV.
1132 2841 1159 2895 p.
1184 2823 1237 2879 191

130 2915 231 2970 lissimos
250 2929 375 2984 quosque,
392 2928 486 2982 pueros
511 2917 538 2965 et
555 2912 660 2964 mulier·
695 2911 747 2980 [ed.
766 2911 847 2979 Par.],
867 2911 1015 2964 Lactantius
1031 2912 1107 2963 lustt.
1126 2909 1176 2965 div.
1192 2910 1236 2962 vl.

130 3000 196 3069 mles,
212 3000 247 3054 ad
264 2996 426 3053 christianam
448 2998 597 3065 religionem
615 2996 660 3049 ed·
696 3013 717 3051 e.
737 2996 762 3049 l.
802 2995 865 3049 Vide
899 2997 990 3048 loliani
1027 2995 1103 3062 impia
1132 2993 1236 3047 dicteria

72 3078 75 3139 l
130 3082 213 3140 dooere
240 3089 376 3150 conentur,
411 3099 440 3136 ae
464 3084 553 3166 pueris
577 3082 661 3135 dicent
695 3081 761 3150 apud
779 3081 902 3148 cyrillum
911 3081 967 3133 vll.
985 3077 1073 3148 11119
1087 3082 1114 3130 et
1127 3091 1237 3146 respon·

72 3160 74 3255 J
130 3168 213 3224 delere
239 3184 286 3224 eos
314 3169 404 3223 relicto
429 3173 501 3239 patre
535 3173 562 3221 et
584 3182 660 3236 pree·
695 3168 794 3220 sionem
819 3165 918 3231 cyrilli.
960 3164 1104 3216 Mororum.
1126 3189 1161 3200 -
1195 3160 1236 3214 (11.

129 3256 266 3325 moribus
294 3255 333 3309 irc
363 3261 419 3308 eum
450 3254 605 3307 mulierculis
635 3259 662 3307 el
696 3253 772 3305 etiem
791 3250 915 3304 Semisch.
941 3248 1036 3302 Justo'e
1059 3249 1085 3299 d
1102 3246 1187 3300 More.
1204 3245 1235 3300 Ρ.

129 3340 289 3396 eumenum
312 3341 401 3409 pueris
423 3342 450 3394 in
469 3339 586 3393 conclave
605 3354 661 3391 mu·
695 3338 717 3389 l.
736 3351 761 3404 p.
778 3334 821 3389 32.

128 3423 210 3480 ilatum
228 3430 273 3480 aut
290 3425 416 3479 officinam
442 3425 565 3478 sumniam
585 3397 668 3477 tullos
763 3452 789 3508 4.
813 3447 964 3522 mmm]
994 3451 1064 3505 m·
1093 3451 1120 3505 h,
1152 3466 1234 3521 ¹⁰⁸¹&-

130 3512 228 3580 uiamrc,
245 3516 275 3565 ul
293 3512 421 3610 mysteriis
439 3510 573 3607 initientur
598 3509 662 3575 (ἵνα
696 3536 794 3609 gnum·
812 3567 841 3579 ,-
878 3538 938 3590 M„
957 3536 989 3590 ,p
1010 3531 1061 3591 τό,
1073 3537 1160 3605 250&
1172 3539 1234 3592 pm

128 3595 156 3651 sd
188 3595 297 3652 τέλειοι
325 3597 454 3665 tadmor).
511 3594 594 3661 lingna
620 3599 662 3647 est
696 3626 756 3678 ΠΗ
774 3638 870 3690 ωε..
889 3625 938 3690 [ιρι
957 3623 1002 3692 [:
1018 3610 1235 3690 rodmmgcfl·

128 3697 183 3782 Ψ
198 3684 350 3755 ”dmm
372 3681 491 3748 ⁰ri⁸⁰¹¹i³
508 3681 659 3748 praedm*
695 3712 723 3763 in
741 3710 789 3763 allo
808 3708 905 3777 codiee]
923 3704 974 3762 oda
990 3701 1090 3762 ὕθλον.

127 3783 181 3823 em
197 3770 337 3838 responsio
355 3767 373 3818 l.
390 3765 416 3819 2.
440 3781 466 3835 p.
492 3763 552 3817 145.
588 3763 660 3830 Quod

126 3859 202 3908 rotem
222 3853 318 3906 ethuici
331 3850 484 3905 comotionle
499 3853 528 3901 ot
538 3850 660 3917 probrum
763 3845 789 3898 ὅ.
820 3839 898 3914 ὑμῖν]
933 3844 1037 3897 Gesner
1073 3849 1100 3897 et
1127 3843 1235 3898 Herold.

126 3939 272 3994 obiicietent
299 3936 325 3991 id
353 3935 485 4003 religionis
511 3933 660 3986 defensores
696 3925 770 3997 ἡμῖν,
791 3945 823 3983 er
840 3931 918 3996 Fris,
937 3931 980 3998 qui
1003 3930 1133 3982 tamenin
1152 3945 1234 3995 marg.

124 4040 227 4094 magnac
236 4024 303 4077 leodi
316 4036 375 4076 csse
390 4019 524 4085 ducebant,
535 4024 565 4071 ut
577 4018 661 4087 paullo
695 4009 763 4084 ὑμῖν
778 4016 863 4069 habet.
899 4013 959 4067 Aet.
978 4008 1066 4082 ἡμῶν.
1090 4014 1158 4066 Voce
1170 4009 1235 4066 ius·

121 4115 194 4164 ama
211 4110 246 4180 [e.
257 4108 302 4179 31]
319 4107 449 4171 notanus,
460 4105 574 4158 lustinus
585 4104 662 4173 Apol.
696 4095 856 4172 ιηδοόματα
869 4099 980 4169 scriptor
994 4098 1026 4151 od
1038 4101 1134 4152 statum
1149 4096 1235 4164 respl-

154 4196 234 4267 corp.
251 4194 338 4268 Apoll.
360 4190 417 4245 Vol
436 4187 480 4244 Vl.
1002 4182 1025 4247 9
