2708 4666
235 1033 272 1118 Ι.
325 1034 393 1120 lle
419 1034 547 1122 huius
583 1036 789 1123 editionis
817 1039 1002 1126 ratione.

90 1229 252 1317 iextns
279 1246 470 1335 utriusque
487 1250 609 1338 operis
626 1235 900 1343 Athenagorae,
932 1257 970 1319 et
994 1245 1172 1336 Πρεσβείας
1272 1241 1281 1255 ’

90 1382 134 1458 eol
148 1377 355 1460 Χριστιανῶν
373 1379 410 1440 et
430 1375 509 1458 Περὶ
529 1369 736 1452 ἀναστάσεως
756 1377 918 1462 νεκρῶν)
927 1424 939 1460 ,
966 1393 1062 1445 ame
1079 1397 1171 1446 con-

90 1495 209 1564 itutus
232 1502 290 1562 est
315 1497 515 1565 secundum
545 1493 717 1584 optimum
750 1499 987 1567 venerandae
1012 1501 1171 1589 antiqui-

90 1619 146 1691 tis
170 1620 334 1690 codicem
352 1619 556 1690 Parisinum
574 1640 608 1688 n.
632 1619 724 1712 451,
750 1639 854 1690 meae
880 1621 1051 1693 editionis
1077 1646 1170 1716 gra-

90 1745 254 1815 adenuo
276 1745 550 1833 perlustratum.
599 1741 778 1813 Caeteros
801 1765 893 1814 vero
920 1747 1087 1842 codices,
1107 1749 1169 1819 in-

92 1890 116 1939 r
144 1889 238 1959 quos
268 1867 457 1941 Parisinus
479 1889 512 1936 n.
549 1869 623 1937 174
648 1876 686 1937 et
711 1867 1060 1966 Argentoratensis‚
1095 1894 1167 1962 quo

90 1995 179 2064 dlus
202 1993 324 2062 adhuc
354 1993 476 2062 editor
498 2011 585 2062 usus
615 2002 692 2085 est,
718 1998 841 2063 aetate
866 1995 1076 2083 virtuteque
1096 1976 1181 2066 en-¹

90 2118 205 2210 ellunt,
232 2118 356 2187 censui
372 2117 582 2205 neutiquam
599 2116 843 2207 negligendos
861 2137 954 2188 esse.
995 2117 1168 2192 Plerum-

90 2262 128 2310 1e
155 2242 249 2311 enim
275 2262 366 2310 unus
393 2262 521 2311 eorum
544 2243 707 2333 alterve,
739 2242 787 2310 ad
814 2262 906 2331 quos
939 2240 1171 2314 Lubanensis

90 2390 94 2434 ;
112 2366 348 2436 Monacensis
365 2366 552 2456 pertinent
579 2386 673 2434 nunc
691 2366 847 2456 primum
866 2368 901 2436 in
925 2388 1045 2440 meum
1062 2390 1171 2440 usum·

90 2491 201 2584 allati,
237 2491 444 2561 testimonio
479 2511 545 2560 suo
579 2492 834 2563 auctoritatem
868 2493 972 2563 auxit
1007 2493 1172 2563 Parisini
1254 2531 1256 2534 ·

90 2615 177 2685 rimo
200 2617 283 2685 loco
303 2616 492 2686 collocati:
517 2614 652 2704 passim
670 2617 922 2688 emendatiora
944 2621 1170 2708 praebuere.

90 2740 210 2829 liquot
245 2740 354 2833 locis,
389 2740 451 2808 ubi
479 2741 615 2809 nullam
645 2759 740 2830 quae
775 2743 1009 2814 satisfaceret
1034 2745 1072 2813 in
1098 2765 1170 2814 co·

92 2863 200 2935 icilius
231 2864 333 2934 mstis
358 2865 552 2933 lectionem
571 2865 710 2958 inveni,
734 2868 980 2937 coniecturam
1007 2868 1087 2937 sive
1116 2871 1164 2937 ab

92 2989 142 3058 liis
158 2991 339 3080 prolatam
364 2989 444 3057 sive
468 3008 490 3057 a
515 3010 572 3058 me
597 2990 859 3083 excogitatam,
881 3011 987 3080 quam
1006 2991 1164 3061 rationi-

90 3132 130 3181 ms
154 3117 354 3205 prudenter
383 3113 571 3183 subductis
599 3113 700 3182 iuxta
723 3115 887 3185 codicum
911 3114 1070 3205 vestigia
1094 3134 1164 3204 pro

90 3253 151 3308 yera
177 3240 334 3310 lectione
368 3237 509 3308 habero
542 3238 690 3331 liceret,
727 3238 826 3308 haud
852 3239 1017 3310 dubitavi
1049 3213 1165 3311 tentui

90 3376 233 3433 merere.
270 3363 603 3453 interpunctionem
618 3365 806 3454 vulgatam
825 3364 1024 3454 diligenter
1038 3385 1170 3435 emen-

90 3479 164 3578 lavi5
186 3491 389 3580 permultas
424 3489 554 3557 sustuli
588 3487 854 3578 parentheseos
883 3495 1005 3580 notas,
1032 3489 1163 3576 quibus

90 3604 219 3682 nitores
238 3611 500 3704 Athenagorae
517 3611 897 3701 verbainquinarunt.
925 3611 1056 3703 Capita
1075 3634 1164 3713 ora·

90 3725 166 3804 ionis
183 3736 399 3808 Maroniana
415 3737 583 3830 servari5
607 3743 803 3828 praeterea
830 3736 986 3827 margini
1008 3737 1164 3829 paginas

90 3887 284 3925 vx...-

135 3979 213 4049 ’μισ
237 3983 339 4036 titulum
365 3984 517 4082 optimorum
542 3983 614 4039 codd
639 3987 773 4084 melorum
788 3945 882 4039 amilio
902 3983 1010 4053 reposui
1032 3995 1079 4052 pro
1095 3981 1169 4073 rcip-

90 4049 167 4122 ilrpl
152 4063 324 4130 αναστάσεως
342 4068 409 4122 τῶν
428 4070 541 4135 νεκρῶν
