2708 4666
346 168 609 263 sorrmoarm
631 193 711 265 auo
733 192 997 267 onmsrrams.
1092 219 1097 230 ·
1164 199 1226 297 tao

116 370 252 431 historia
265 385 406 432 eernere.
428 372 475 432 Ae
490 373 658 433 daemones
670 374 794 449 quidem
809 387 881 432 eoae
897 373 950 449 qai
963 374 995 432 in
1010 373 1090 436 haee
1104 377 1227 437 aomina

116 479 472 558 invadunt·argumento
495 484 546 541 est
567 482 715 558 cuiusque
734 482 860 542 illorum
877 483 1034 567 operatio.
1067 484 1132 545 Atii
1148 486 1228 545 enim

117 589 224 648 virilia
241 593 408 668 exsecant,
431 593 464 651 ut
478 591 577 667 lilaea,
601 590 657 649 alii
679 591 847 650 vulnerant
869 593 901 649 et
923 591 1077 672 incidunt,
1099 596 1135 654 ut
1150 593 1229 655 Dia-

117 712 176 774 na,
198 701 231 758 et
253 699 384 759 Taurica
406 699 550 777 hospites
578 702 687 774 neeat3
718 701 827 760 omitto
854 699 935 759 enim
966 716 1022 759 eoa
1050 701 1154 762 dieere
1174 705 1227 779 qui

117 821 154 865 ae
176 803 286 867 oultris
310 810 343 867 et
363 808 498 884 flagellis
520 808 696 868 dilacerant
717 810 749 866 et
770 810 846 882 quot
866 809 927 867 sint
953 810 1135 870 daemonum
1150 827 1227 888 spe·

116 916 200 975 eiee:
223 917 384 976 nonenim
408 917 460 977 dei
484 919 534 976 eat
555 916 649 975 adea
673 932 753 992 quae
775 918 848 976 eunt
872 920 980 978 eontra
1001 920 1144 978 naturam
1169 920 1228 980 im·
1255 990 1257 995 ,

118 1023 252 1099 pellere.

185 1129 223 1192 st
245 1128 378 1194 doemon
398 1131 467 1196 otro
487 1134 590 1212 porat
605 1131 708 1206 motu,

186 1236 326 1303 Mentem
347 1239 451 1303 laedit
471 1238 620 1325 primum.
1252 1326 1254 1331 Ι

119 1348 205 1409 lleue
227 1354 340 1427 autem,
363 1368 454 1426 quum
470 1351 613 1428 perfecte
627 1352 727 1412 bouus
749 1351 801 1427 eit,
817 1353 973 1428 perpetuo
994 1352 1151 1414 beneficus
1168 1358 1227 1418 eet.

119 1457 211 1519 Alios
233 1459 330 1536 igitur
346 1460 486 1536 assequi
508 1462 697 1541 operentur,
720 1461 801 1520 alios
823 1476 954 1536 quorum
975 1463 1099 1521 ratione
1119 1461 1228 1524 habita

96 1541 99 1549 ¹
119 1569 282 1649 erigantur
304 1571 444 1645 statuae,
466 1570 599 1629 maximo
619 1572 692 1629 aunt
712 1571 896 1629 documento
912 1571 1011 1630 lroas
1034 1572 1067 1630 et
1086 1571 1227 1633 Parium:

119 1693 250 1753 quarum
272 1677 432 1738 civitatum
454 1678 558 1737 altera
580 1680 702 1738 statuas
733 1675 826 1738 habet
848 1674 1023 1757 Neryllial,
1045 1681 1097 1755 qui
1120 1685 1229 1742 nostra

120 2000 187 2068 aula.
202 1996 315 2063 αὖτούς.
339 2003 456 2071 scriptor
470 2015 520 2055 noo
536 2004 657 2057 retteaive
693 2004 778 2069 rom“,
797 2018 845 2072 qua
866 2003 966 2072 quidem
987 2008 1114 2058 structura
1134 2006 1230 2060 Noster

120 2086 241 2154 loquitur.
278 2088 317 2140 ci.
336 2086 476 2141 c.2.o.9.
673 2088 826 2156 aliquoties
852 2090 941 2144 utitur.
985 2088 1106 2143 Eamdem
1139 2090 1230 2143 laetio-

189 2170 216 2224 9.
236 2165 329 2227 “Orate
410 2171 536 2240 πρῶτον]
565 2173 658 2225 lncerti
692 2173 908 2239 oemSophiauoe
924 2174 950 2225 in
968 2175 1039 2227 lton.
1056 2173 1230 2243 iudieatpun-
1294 2171 1298 2182 ”

119 2256 406 2323 tragicitragmentom.
442 2257 582 2309 Barnealua
603 2256 658 2308 Eu·
693 2257 741 2308 etia
762 2257 807 2325 (t)
829 2271 907 2324 supra
929 2275 951 2310 ω
973 2259 1072 2327 positio.
1109 2259 1229 2312 atvero

120 2338 197 2408 ripttli
226 2341 323 2394 tribuit.
360 2343 397 2394 ct.
420 2342 504 2395 Poett.
528 2346 594 2407 trag.
619 2355 657 2406 gr.
692 2341 791 2407 vulgata
813 2341 889 2394 lectio
912 2347 951 2395 est
973 2345 1060 2412 proba.
1095 2343 1141 2395 illa
1164 2345 1232 2398 enim

119 2425 227 2493 fragm,
251 2425 292 2480 el.
305 2427 336 2479 ll.
353 2427 386 2479 G.
400 2426 525 2492 Wagner,
550 2425 603 2477 Vol.
619 2425 657 2476 lll
693 2426 846 2493 praepositio
861 2442 916 2478 cum
930 2442 988 2493 gen.
1002 2426 1128 2480 interdum
1141 2429 1171 2480 ml
1187 2444 1229 2480 ra-

120 2505 336 2578 (tramutata)
355 2511 494 2579 pttteq.
531 2510 660 2563 Laudatur
693 2512 788 2562 tionem
805 2512 973 2577 transfertur,
992 2527 1055 2580 quae
1071 2512 1230 2566 estaliruioa
1263 2551 1269 2560 .

119 2598 196 2650 etiam
212 2612 225 2647 a
240 2598 376 2650 scholiasta
396 2598 475 2664 Soph.
492 2597 578 2660 Antig.
594 2593 659 2647 6202
695 2596 733 2647 rel
756 2597 795 2647 vel
815 2609 940 2663 personae
962 2595 993 2648 ad
1013 2597 1120 2666 aliquam
1141 2597 1182 2650 vel
1199 2595 1231 2650 ml
1333 2648 1341 2657 ,

120 2677 206 2735 Metel
225 2683 330 2748 σοφίας
351 2679 404 2750 palo
426 2675 484 2735 ὑπό
505 2699 582 2741 τινος
600 2677 660 2732 οἱοί·
695 2678 804 2748 altquid,
822 2680 864 2732 ubi
880 2680 964 2732 Latini
981 2679 1068 2733 dicunt
1082 2684 1153 2749 qood
1166 2685 1231 2735 aot-

121 2768 207 2833 διμον
223 2767 270 2820 aul
290 2765 400 2821 κλεινόν
422 2763 488 2827 ἔπος
509 2764 661 2832 πέφανται,
695 2769 741 2817 aet
755 2766 798 2831 od,
817 2766 922 2817 ratione
938 2766 1041 2831 laobito,
1059 2770 1189 2819 nostrates
1201 2769 1232 2820 to

121 2850 339 2916 ad'Oravnrt,
357 2853 511 2921 itaquidem,
530 2851 662 2904 otinv.2
696 2850 848 2918 Bezieltoop
869 2853 931 2919 oos,
961 2853 1145 2917 lainsiahtlich,
1176 2868 1230 2921 aeq.

120 2943 181 3007 poet
195 2939 310 3005 πρῶτον
326 2938 437 2991 additum
453 2940 499 2990 sit:
525 2928 547 3006 ᾦ
566 2933 662 3007 pooie-
697 2935 776 3001 seuit.
792 2949 858 2986 nune
873 2949 997 3002 personae
1014 2935 1141 3002 (Xenoph.
1154 2935 1231 2989 Mem.

121 3040 179 3077 ται.
217 3024 373 3077 simillimam
397 3024 549 3074 sententiam
568 3037 662 3091 suppe-
698 3018 772 3070 Socr.
789 3019 823 3070 ll.
842 3036 864 3071 e.
879 3020 905 3072 3.
923 3023 948 3084 s.
962 3019 991 3079 2)
1013 3034 1078 3071 nune
1099 3020 1136 3072 rei
1160 3020 1191 3086 (Ι.
1209 3035 1232 3074 o.

121 3107 186 3161 attat
201 3109 369 3175 fragmentum
385 3109 477 3160 incerti
492 3109 582 3174 tragici
597 3107 662 3174 apud
696 3102 919 3170 111.c.9.§.a‚
945 3102 1233 3159 coll.llerbat.atllll.
1288 3168 1295 3183 .

122 3193 267 3260 Lycurgum
286 3193 416 3246 eleocr.
433 3191 561 3258 §.etet
579 3193 661 3247 Belli.
697 3203 720 3241 c.
735 3187 761 3239 3.
778 3187 803 3254 §.
817 3187 855 3252 2).
891 3189 967 3241 Plora
984 3185 1098 3255 exempla
1115 3187 1233 3241 attollat
1263 3260 1266 3268 Ι

124 3279 179 3345 (ap.
193 3279 283 3345 wega.
299 3278 316 3330 1.
331 3294 353 3330 c.
368 3293 394 3345 p.
409 3275 484 3343 206).
502 3306 535 3316 —
553 3277 627 3330 Bodl.
638 3278 662 3329 1.
698 3273 787 3325 lustin.
801 3273 878 3325 llart.
894 3272 970 3340 Apol.
986 3274 1006 3324 l.
1022 3287 1044 3324 o.
1058 3273 1083 3324 1.
1100 3287 1125 3324 ιι.
1137 3272 1163 3338 3,
1181 3272 1232 3326 Co-

122 3362 148 3416 2.
167 3364 238 3416 Μοιι.
258 3364 317 3417 aet.
333 3357 430 3416 ὃτανὸ
447 3363 567 3429 δαίμων.
597 3361 662 3414 tob.
697 3357 764 3409 horl-
782 3356 813 3409 ad
831 3356 920 3410 Genti.
938 3372 961 3409 c.
975 3356 1001 3409 2.
1021 3371 1047 3409 n.
1065 3356 1095 3422 9,
1115 3357 1233 3423 Quaestt.

123 3441 165 3501 δι’
183 3441 220 3501 ἂν
238 3443 254 3502 ὁ
272 3447 394 3515 δαίμων.
698 3446 724 3494 et
746 3442 841 3509 Respp.
864 3441 895 3493 ml
917 3440 1025 3495 orthod.
1041 3439 1084 3496 96.
1108 3457 1135 3494 ιι.
1156 3443 1234 3497 1...

192 3533 234 3586 10.
262 3533 384 3601 rotator]
411 3533 475 3600 Arg.
500 3530 574 3584 Bodl.
601 3531 663 3585 12
696 3527 786 3579 Paullo
800 3526 928 3579 eoteAet.
944 3523 1049 3587 αὐτοῦς
1063 3541 1109 3594 pro
1123 3520 1234 3591 ἄλλους.

125 3615 246 3686 τέλειος,
276 3618 336 3671 Aet.
360 3616 474 3678 tataros.
509 3617 570 3668 llox
597 3616 661 3683 Arg.
697 3612 758 3664 tlor
780 3610 847 3664 idem
867 3607 924 3664 oum
945 3610 1052 3665 Boll1
1076 3608 1164 3681 κόριν
1186 3627 1234 3683 pro

125 3698 229 3771 ἀΐδιος,
248 3702 294 3757 aad
312 3701 475 3771 superaddito
495 3720 526 3753 ω.
698 3691 818 3763 Πάριον.

192 3789 236 3842 11.
262 3783 307 3856 ἐφ’
325 3784 439 3856 ἑτέρων]
465 3785 544 3839 soar.
570 3784 663 3839 Petrus
765 3781 808 3834 12.
828 3775 912 3849 ἡμὶν
929 3779 991 3850 eto]
1018 3781 1088 3835 Mon.
1111 3785 1234 3849 trepont-

124 3873 269 3928 trauetultta
288 3875 396 3926 nomiae
409 3874 532 3925 alienam.
560 3870 662 3922 Gesne-
697 3884 755 3920 aar.
782 3865 856 3919 Bodl.
870 3866 894 3918 1.
909 3864 927 3917 2
940 3864 1073 3930 rapaton.
1099 3866 1159 3920 Aet.
1172 3884 1236 3921 veo·

124 3974 168 4013 rus
196 3959 288 4012 metius
313 3958 368 4023 trie,
398 3955 480 4025 quoad
512 3955 663 4008 sententiam
699 3950 796 4021 prilla,
814 3951 840 4003 ln
855 3964 935 4017 marg.
951 3955 1035 4004 autem
1050 3950 1235 4004 litortamtaia-

123 4044 269 4114 aoriptorie,
288 4042 422 4111 legendum
444 4056 501 4095 ease
522 4041 664 4108 auspicatur
698 4040 732 4094 tia
750 4036 919 4102 Naptlttaac.
954 4035 985 4088 la
1002 4035 1068 4090 Lab.
1091 4037 1166 4089 rerba
1188 4032 1236 4105 aot

125 4132 167 4184 eet
187 4123 233 4197 lap’
252 4125 372 4197 tripete,
403 4126 447 4195 „tn
462 4127 584 4179 honorem
601 4124 664 4183 alio*
701 4119 855 4190 Πρωτέως·
876 4121 930 4177 τοῦ
947 4116 1124 4187 Ἀλεξάνδρου
1144 4119 1236 4173 omtaea
