2708 4666
392 210 543 275 onsrro
565 213 622 275 sn
645 212 840 278 onmoos.
1051 308 1060 325 x
1112 212 1175 283 sor
1244 173 1250 183 ⁸

56 401 118 463 que
139 385 256 447 eivitas
279 385 309 445 si
328 384 492 463 propriam
514 402 535 446 a
558 384 652 446 vobis
675 385 843 449 dictionem
866 389 1034 465 repetitum
1056 391 1173 468 ventat,

56 497 168 556 vestra
195 512 257 556 vos
287 495 435 556 deioieut
465 495 672 573 sophismata.
735 495 814 558 oon
845 498 998 574 quaeritis
1026 501 1101 576 quid
1132 501 1175 560 sit

56 607 146 683 deus,
167 607 244 682 quid
264 607 296 666 in
317 607 411 667 vobis
434 609 549 683 agatur
570 607 742 683 ignoratis3
776 608 809 666 in
839 608 962 669 coetum
986 607 1111 667 hiantes
1141 610 1174 669 in

58 716 170 777 foveas
195 716 351 777 deoiditis.
393 716 521 777 Similes
541 719 614 775 sunt
643 716 835 795 labyrinthis
860 717 1013 779 librorum
1044 720 1174 779 vestro·

57 845 123 888 rum
150 827 438 904 permutationes,
490 827 524 885 et
552 826 606 903 qui
637 842 694 886 eos
724 828 834 905 legunt
869 827 1043 888 Danaidum
1077 828 1174 888 dolio.

59 937 136 1006 Quid
157 937 234 997 mitri
256 939 379 1015 tempus
399 936 553 1012 dividitis,
577 936 718 996 dieentes
741 939 829 998 alind
850 939 1066 1015 praeteritum,
1088 938 1176 997 aliud

59 1063 229 1126 possess,
269 1047 356 1107 atiud
387 1046 553 1107 t'utnrumi
619 1047 781 1115 Quomodo
807 1049 888 1108 enim
915 1047 1056 1109 futurum
1089 1048 1175 1108 elabi

60 1159 178 1235 possit,
204 1157 234 1217 si
255 1172 409 1234 praesens
435 1156 552 1216 adusti
608 1155 869 1226 Quemadmodum
893 1159 996 1218 πλευ]
1023 1159 1174 1235 navigan·

61 1270 104 1328 tes
124 1266 389 1345 praeterlabente
408 1281 491 1325 navo
519 1267 631 1344 putant
660 1283 740 1344 prae
767 1268 924 1344 imperitia
953 1270 1075 1329 montes
1098 1285 1172 1328 our·

61 1394 148 1454 rere,
181 1378 229 1436 ita
257 1393 316 1437 vos
336 1391 460 1453 quoque
485 1392 549 1434 non
579 1375 763 1453 perspicitis
794 1391 854 1434 voe
875 1377 1000 1451 quidem
1022 1379 1173 1454 praeter·

61 1504 201 1564 mrrere,
240 1502 353 1546 aevum
375 1502 453 1545 vero
477 1486 582 1561 stare,
621 1485 769 1561 quamdiu
797 1485 899 1562 ipsum
929 1500 1002 1544 esse
1034 1487 1175 1548 voluerit

61 1598 110 1673 qui
126 1595 262 1656 ereevit.
305 1592 369 1654 Cur
391 1594 472 1653 enim
495 1611 565 1654 mea
592 1611 756 1672 exponens
785 1596 929 1673 inonsor,
969 1599 1003 1654 et
1024 1612 1080 1655 eur
1105 1610 1175 1655 mea

61 1707 160 1766 omniu
188 1705 338 1766 evertere
366 1700 527 1764 studetist
583 1703 693 1766 Nonne
722 1706 803 1767 enim
831 1722 890 1765 vos
921 1704 1017 1764 simili
1046 1719 1086 1762 ao
1116 1718 1174 1763 nos

60 1815 149 1874 modo
172 1814 241 1873 nati
264 1814 359 1889 estis,
379 1812 518 1873 eiusdem
543 1815 647 1874 mundi
673 1815 953 1875 administrationis
974 1813 1176 1892 participes?⁴

61 1922 120 1984 Cur
142 1923 329 2002 sapientiam
353 1938 425 1982 esse
448 1923 530 1999 apud
553 1941 611 1983 vos
634 1924 721 1984 solos
745 1924 859 2001 dicitis,
880 1941 974 2000 quum
994 1941 1055 1983 non
1079 1924 1174 1984 alium

61 2033 156 2094 solem
178 2047 282 2109 seque
304 2031 387 2092 alios
407 2032 548 2092 siderum
568 2035 675 2109 ortus,
704 2034 758 2092 vel
780 2033 935 2109 originem
954 2035 1173 2109 praestantio-

62 2159 122 2202 rem
146 2144 180 2202 et
202 2145 335 2202 mortem
357 2134 487 2219 praeter
521 2142 668 2200 oaeteros
696 2140 841 2201 homines
869 2141 1016 2201 eximiam
1048 2140 1172 2202 habea-

63 2252 124 2312 tist
165 2250 291 2312 Initium
311 2251 448 2328 nugandi
475 2250 568 2310 vobis
591 2248 718 2308 t'uorunt
740 2251 946 2327 grammatici,
979 2252 1012 2309 et
1040 2251 1094 2326 qui
1117 2265 1174 2309 se·

63 2363 205 2440 pientiam
229 2360 372 2424 dividitis
400 2377 420 2421 a
449 2376 527 2419 vera
558 2359 715 2436 sapientia
743 2358 876 2419 abscissi
907 2361 1003 2437 estis,
1039 2362 1072 2421 et
1095 2375 1174 2438 pur·

64 2474 131 2533 tium
155 2473 256 2548 [eius]
281 2471 406 2530 uomina
427 2468 605 2556 hominibus
630 2467 837 2544 attribuistis;
876 2485 915 2529 eo
937 2470 1028 2530 deum
1048 2471 1174 2546 quidem

65 2582 227 2659 ignoratis,
267 2580 340 2639 dum
369 2582 471 2639 autem
503 2579 585 2637 inter
617 2594 676 2637 vos
704 2578 917 2660 digladiamini
953 2595 1011 2638 vos
1040 2579 1173 2639 invicem

66 2693 209 2753 evertitis.
254 2689 407 2758 Quocirca
430 2674 508 2749 nihil
530 2703 663 2766 prorsus
686 2686 764 2763 estis
791 2704 918 2751 omnes:
942 2689 1085 2766 quamvis
1101 2706 1173 2749 ser-

67 2922 172 2986 otinos
190 2936 314 2993 prauum
338 2927 422 2976 autem
440 2922 596 2991 apprehendi
631 2921 776 2977 sudoribus
798 2921 1005 2990 denominantur,
1022 2927 1051 2975 ut
1067 2921 1172 2975 Aristo-

67 3011 226 3078 superest,
245 3009 305 3077 quie
324 3008 398 3061 simut
411 3023 468 3061 euro
481 3009 536 3077 ipsa
550 3023 594 3060 oo·
630 3009 708 3074 tetioi,
727 3007 860 3073 Pistontei,
872 3007 1011 3076 Epicurei:
1025 3011 1052 3058 et
1067 3008 1115 3058 troo
1130 3022 1172 3058 ar·

66 3092 176 3155 studens
195 3092 367 3146 relocatione
384 3093 521 3147 elabitur.“
539 3092 594 3145 vit.
630 3095 779 3161 gementum
805 3097 849 3145 est
878 3092 937 3144 ittos
970 3105 1022 3142 non
1053 3089 1173 3157 divinam,
1196 3117 1202 3124 -

10 3238 12 3243 Ι
67 3174 145 3229 tmtst
164 3178 275 3230 Tutius.
292 3180 318 3231 d.
335 3178 413 3245 Apol.
431 3192 458 3246 p.
474 3176 536 3231 oto.
630 3195 694 3246 quse
711 3191 760 3229 nna
782 3180 809 3229 et
828 3176 937 3243 simptes
956 3179 996 3227 est
1010 3175 1106 3241 unique
1124 3173 1173 3227 deo

10 3246 12 3297 Ῑ
121 3262 147 3315 i.
177 3257 206 3331 ἦ
231 3263 272 3316 sn
305 3264 365 3318 Par.
392 3263 408 3317 1
432 3264 523 3331 (Duc.)
549 3278 592 3316 re·
629 3261 811 3326 adscribenda,
835 3258 881 3311 sed
908 3261 1041 3312 humanam
1068 3260 1173 3327 sapten-

64 3347 134 3413 poffl.
628 3348 688 3401 tiam
714 3348 741 3398 et
774 3345 904 3396 hominum
931 3345 1035 3396 inventa
1060 3349 1171 3398 montes.

119 3431 145 3489 8.
172 3429 239 3503 ου’χ]
264 3435 304 3486 ltu
326 3433 459 3487 Bucaeusa
495 3435 593 3487 caeteri
631 3433 775 3485 Gesneroe.
789 3458 824 3468 —
858 3429 973 3482 lustinus
995 3429 1061 3483 oret.
1087 3446 1108 3483 o.
1127 3432 1171 3484 Tr.

63 3512 113 3570 ets
366 3548 372 3585 1
628 3532 650 3569 o.
668 3514 700 3569 2:
726 3515 763 3568 Τλ
786 3532 856 3570 sote
880 3510 906 3568 δ’
930 3511 988 3570 tert
1012 3515 1172 3584 φιλοσοφία

119 3602 145 3658 o.
169 3597 329 3673 pavimus]
361 3604 395 3657 io
415 3603 478 3665 t’ar.
502 3604 521 3657 2
546 3604 593 3657 elta
630 3596 745 3662 ...code
761 3598 885 3662 πολλοὺς
903 3598 1036 3669 λέληθεν·
1065 3598 1101 3655 eo'
1118 3597 1172 3670 yuip

60 3700 128 3741 mu
144 3692 267 3742 mutatum
287 3694 329 3742 est
345 3689 373 3741 tn
388 3685 508 3757 γέγονεν.
629 3679 666 3740 ἂν
683 3686 859 3740 Πλαιωνικολ
879 3676 951 3754 ἦσαν
965 3680 1033 3741 ouidi
1048 3686 1172 3742 Στωϊκολ

120 3771 162 3828 tt).
180 3773 210 3827 si
228 3775 386 3840 μερίζοντες
403 3770 457 3842 τήν
473 3775 592 3844 σοφίαν]
629 3775 688 3839 ete,
716 3774 784 3840 pauiu
809 3765 897 3840 οὔσης
921 3769 1029 3841 ταύτης
1053 3768 1170 3840 ἐπιστή-

58 3856 179 3928 sensu
201 3858 233 3911 de
255 3859 432 3929 philosophiae
456 3859 592 3927 divisione,
627 3874 689 3924 μης.
738 3849 782 3912 Οὔ
807 3855 837 3912 oi
868 3851 953 3925 χάριν
988 3849 1171 3926 πολὸὶιραυος

56 3943 117 3996 eires
142 3959 219 4013 quam
250 3949 407 4012 occupantur
435 3944 591 4014 philosophi,
627 3939 757 4011 ἐγενήθη,
774 3941 850 3997 otte
876 3943 975 3996 eineis.
1020 3943 1111 4014 comp.
1130 3943 1170 3996 te·

52 4027 105 4081 uin
123 4029 199 4082 aliter
217 4027 396 4094 dividentibus,
416 4032 460 4081 aut
476 4030 543 4082 terte
559 4029 592 4082 de
627 4044 683 4082 eum
700 4042 776 4096 quem
794 4028 829 4080 iti
847 4043 873 4080 n.
889 4026 910 4081 λ
925 4026 1032 4081 hodani.

52 4114 106 4180 ipo·
122 4117 248 4169 mm
267 4113 400 4180 verteme
420 4127 486 4181 quse
504 4129 517 4166 a
537 4116 591 4169 suis
695 4112 740 4168 11.
759 4106 909 4182 ἀλλήλους]
928 4111 973 4166 Sis
989 4112 1049 4166 Pur.
1068 4110 1085 4164 1
1101 4115 1129 4162 et
1142 4111 1169 4167 iu
