2708 4666
279 181 334 246 un
355 177 687 246 unsuunuununn
705 152 965 243 neurueaun'
1094 173 1157 242 aar

61 361 94 417 et
115 353 299 417 natatilibus
317 354 387 433 vel,
407 356 443 416 ut
463 354 559 415 latiua
579 353 689 431 pateat
708 351 792 428 quod
813 350 901 428 dieo,
922 350 1063 412 omuibus
1086 350 1158 411 luel·

60 467 123 527 luis
139 465 291 526 eiuemudi
311 465 407 525 vitam
428 464 572 526 attribuit
593 463 686 541 deua3
709 462 761 539 qui
782 476 861 521 veru
882 460 981 538 ipsius
1005 462 1159 523 creaturis

60 577 260 637 simulacrum
280 576 312 636 in
333 574 448 652 eeipaie
472 573 592 649 lerunt,
613 572 643 632 h.
667 589 694 632 e.
719 574 822 632 mente
844 571 980 649 praediti
1002 578 1036 631 et
1057 572 1161 631 ratiu-

59 686 135 747 uale
157 685 301 746 indicium
328 685 432 745 sortiti
454 682 598 759 auntsiie
617 683 858 760 perpetuitatem
882 682 1051 742 destinavit
1067 696 1160 742 urea·

62 799 130 870 ter,
153 797 188 854 ut
202 797 376 855 ereaturam
397 811 485 855 annm
508 795 638 869 eiueqne
659 792 828 869 potentiam
851 794 884 851 et
902 790 1085 868 sapientiam
1101 807 1160 850 eu·

61 906 268 986 gnoeeentee,
297 922 333 964 ae
355 905 451 978 [eius]
476 903 541 981 lugi
570 907 603 963 et
630 903 770 963 iustitiae
800 901 1027 978 obsequentes,
1058 900 1089 959 in
1118 900 1160 959 iia

61 1015 220 1093 perpetuu
240 1015 319 1074 eitra
341 1014 482 1074 laborem
507 1014 710 1091 permaneant
735 1011 846 1088 quibua
870 1014 1043 1072 anteactam
1063 1009 1160 1070 vitam

64 1124 194 1185 fortiter
213 1124 449 1201 toleraverunt,
478 1123 618 1199 quamvis
640 1122 822 1181 interranis
845 1122 877 1181 et
892 1119 1083 1198 corruptioni
1098 1118 1159 1178 ulr-

62 1234 166 1295 nuxiia
194 1238 302 1293 essent
323 1233 518 1311 cerporibus.
562 1232 777 1307 Quaeeumqne
793 1230 873 1290 enim
904 1231 1034 1292 alteriue
1063 1246 1158 1290 cauea

61 1346 170 1406 ereata
183 1347 271 1423 eunt,
292 1345 357 1404 illis
378 1360 507 1420 quornm
525 1359 618 1405 eausa
634 1345 741 1403 ereata
756 1343 829 1402 eunt
843 1357 905 1400 nun
923 1341 983 1401 iam
1004 1339 1161 1401 exstanti·

62 1456 140 1532 bue,
163 1455 274 1514 merite
297 1457 329 1513 et
350 1455 419 1531 ipea
437 1469 509 1517 ease
528 1453 688 1531 desinent,
710 1467 769 1512 neu
787 1449 906 1511 truetra
924 1452 1162 1528 permanserint,

61 1567 214 1645 proptera
229 1565 313 1640 qued
332 1564 414 1623 inter
431 1564 535 1623 divina
559 1579 659 1640 opera
675 1561 753 1621 nihil
774 1560 816 1621 eit
838 1561 900 1621 luci
922 1561 1017 1621 rebus
1040 1562 1160 1623 inutili·

62 1676 139 1750 bue3
163 1692 242 1750 quae
264 1690 341 1735 veru
360 1673 401 1733 ul)
421 1672 500 1733 hane
524 1672 624 1749 ipsam
638 1687 761 1732 eausam
783 1671 891 1732 ereata
918 1676 991 1732 eunt
1004 1675 1039 1731 ut
1053 1678 1160 1734 essent

63 1788 96 1847 et
112 1786 208 1846 vitam
229 1784 289 1844 eibi
311 1783 545 1844 eunvenientem
564 1783 733 1862 degerent,
756 1798 847 1858 quum
861 1782 931 1859 ipsa
951 1798 1044 1842 eausa
1065 1783 1161 1844 eolli-

62 2025 148 2095 δίκῃ
177 2024 282 2088 θοοῦ,
315 2025 384 2094 „lpai
411 2039 511 2094 queque
543 2024 595 2078 aiut
628 2023 692 2078 Puat
718 2019 845 2091 cadauer,
871 2028 930 2078 ante
961 2024 1161 2093 needrueunic„

62 2111 219 2166 euneternte‘
255 2109 319 2177 Quid
338 2111 432 2178 lgitnri
446 2110 511 2164 illud
527 2108 594 2165 auri·
628 2109 746 2165 editaree
772 2112 892 2179 (exceptu
921 2111 1037 2180 Merene)
1065 2113 1161 2167 addunt
1202 2139 1206 2151 .

61 2215 122 2260 ture
152 2196 183 2250 ad
209 2196 284 2249 rerba
312 2196 484 2249 antecedentia
512 2193 594 2265 γοναί·
628 2194 907 2249 incommudeveenlam
923 2191 1064 2266 dl1anm‚
1083 2214 1158 2268 quum

61 2297 175 2344 οαοαττο
191 2284 247 2334 ατλ.
260 2285 365 2349 apertat.
400 2281 469 2334 Deua
487 2282 594 2335 nuntnt-
628 2280 659 2333 ab
677 2280 791 2332 amnibus
816 2281 880 2332 absit
904 2280 974 2333 cedd.
993 2283 1065 2336 melia
1082 2299 1158 2353 prae-

62 2370 125 2436 lue,
151 2368 244 2436 quippe
269 2367 350 2419 divina
373 2367 480 2434 imagine
497 2368 594 2433 (mente
629 2370 669 2418 ter
686 2365 762 2432 Aet,
777 2366 897 2435 expunxi.

62 2470 90 2508 ae
111 2453 225 2520 tatiane)
252 2452 367 2517 eunetis,
400 2453 594 2521 perpetuitatem
696 2451 738 2505 32.
756 2455 819 2516 τοο]
844 2453 903 2505 Aet.
921 2454 988 2509 τοῦ.
1015 2455 1065 2507 Pru
1082 2452 1160 2524 γέγο-

62 2539 214 2604 destinavit,
239 2542 268 2589 nt
292 2552 341 2589 nna
360 2553 415 2590 eum
433 2538 486 2590 elue
504 2537 531 2590 in
550 2551 593 2590 ee·
627 2554 675 2591 eae
692 2539 751 2591 Aet
770 2533 863 2605 γέγονε
882 2539 921 2606 (ο.
938 2538 994 2607 tt).
1014 2541 1052 2594 cl.
1068 2541 1159 2613 suppl.

62 2626 176 2692 gnitiene
200 2623 297 2691 ipsine,
320 2638 367 2676 nec
396 2636 446 2674 nun
471 2638 519 2675 nur
538 2638 595 2675 cum
628 2638 649 2676 e.
668 2622 692 2676 1.
711 2639 734 2675 n.
753 2622 778 2676 2.
1018 2689 1021 2695 ,

62 2712 179 2778 (aeterna
212 2708 326 2776 ipaieque
351 2708 441 2775 insita)
472 2707 513 2761 dei
537 2708 593 2775 lege
696 2708 738 2763 ³³.
757 2707 906 2776 παύσεται]
935 2713 999 2780 Arg.
1029 2709 1159 2769 unietur.

62 2811 90 2849 ae
115 2795 211 2850 iuedtia
235 2794 289 2848 aive
314 2794 339 2846 in
366 2794 398 2846 iia
415 2808 479 2862 quae
497 2792 594 2871 divium
628 2794 726 2848 Deinde
740 2795 800 2848 Aet.
816 2793 851 2849 ed
866 2801 924 2850 ante
935 2795 1070 2866 γενόμενα
1084 2803 1160 2853 emit-

62 2880 112 2949 legi
137 2879 300 2947 iustitiaeque
333 2881 485 2931 eaneenlnnt
509 2882 593 2932 euste-
628 2882 668 2934 tlt.
708 2880 861 2948 intelligitur
889 2885 1029 2948 aenteutiu,
1057 2883 1159 2940 ταύοε·

61 2963 177 3029 aliundis,
211 2964 237 3016 in
262 2968 392 3016 aeteruum
420 2967 594 3033 permaneant,
628 2983 726 3018 ται...
742 2965 794 3019 τοῦ
812 2962 901 3033 εἶναι,
926 2983 958 3020 ex
975 2969 1059 3023 linis
1076 2972 1161 3037 genle,

61 3050 136 3119 idque
154 3044 287 3115 ἀπόνως,
307 3064 381 3116 quum
399 3050 480 3101 anima
497 3049 523 3101 ln
543 3050 594 3101 vita
629 3063 677 3118 que
692 3049 789 3101 sublata
805 3065 847 3103 rea
859 3053 914 3120 ipae
927 3050 999 3104 etiam
1015 3068 1078 3120 qnae
1098 3068 1159 3121 pre-

60 3137 145 3189 lutnra
171 3150 227 3187 enm
252 3148 357 3203 turpare
383 3134 551 3201 curruptionia
568 3138 595 3187 et
628 3138 685 3203 pter
696 3132 771 3187 linem
786 3139 825 3188 eet
839 3134 954 3188 dealnere
972 3141 1075 3205 putatur
1091 3140 1158 3206 (lie-

60 3220 234 3292 perpeaelunls
266 3223 373 3287 experte
405 3219 438 3270 ait
464 3220 594 3272 coniuncta
627 3220 740 3287 eluant).

62 3306 97 3373 (e.
126 3303 168 3358 1⁰.
196 3320 221 3374 p.
240 3303 273 3358 ed
296 3304 329 3357 Δ.
358 3303 414 3357 cell.
435 3320 457 3356 e.
476 3303 502 3355 3.
520 3319 545 3373 p.
560 3302 595 3357 ta
694 3303 735 3359 dl.
760 3302 802 3374 dv]
826 3305 920 3359 Exulat
944 3307 975 3359 ab
992 3307 1069 3371 Aet.;
1098 3309 1158 3363 item

62 3390 106 3457 c).
141 3390 180 3442 De
206 3391 332 3442 sententie
356 3390 387 3441 al.
413 3403 436 3441 e.
455 3387 496 3442 1³.
517 3403 541 3457 p.
560 3387 594 3442 54
628 3391 679 3444 τοῦ
697 3395 756 3445 ante
774 3390 905 3458 ματαίου.

61 3476 93 3542 Β,
112 3490 134 3530 a.
154 3473 197 3529 15.
216 3490 241 3543 p.
260 3473 294 3528 57
314 3475 347 3541 A,
365 3490 388 3526 e.
407 3474 449 3527 25.
472 3489 497 3540 p.
515 3473 548 3527 66
562 3475 594 3526 lt.
695 3476 738 3531 ³5.
756 3472 791 3529 τά
804 3494 833 3544 ye
845 3472 900 3546 μὴν
912 3479 980 3544 κτλ]
999 3477 1160 3536 Scholion

62 3560 161 3630 haeque
184 3559 240 3613 Ιοοο
263 3559 403 3613 ebeerrala.
439 3560 490 3612 l’re
517 3575 594 3613 euer-
627 3562 654 3613 tn
669 3576 748 3629 marg.
766 3562 850 3615 Pani
865 3566 891 3615 et
902 3562 934 3615 λι
951 3556 1160 3632 Ὡοᾶτθοωτος

62 3641 263 3714 ποφορομέτοιο
303 3645 362 3698 Par.
387 3644 404 3697 3
430 3648 457 3697 et
487 3645 554 3698 (ilar.
577 3644 595 3698 2
628 3645 676 3699 aul
700 3645 730 3699 αλ
756 3647 852 3715 vuepnl
875 3648 963 3702 uuidar
990 3648 1074 3717 [deest
1098 3652 1161 3707 hura

63 3729 283 3802 temperaturum.
314 3729 365 3782 Pro
381 3728 595 3797 pepuepepdeuee
628 3733 842 3803 ventitant]
861 3731 970 3789 οοόίατ·
991 3731 1040 3789 daei
1052 3733 1104 3805 peip
1125 3735 1158 3794 ee*

61 3819 124 3887 Δις.
141 3817 382 3886 μομοιοαομέτοτς.
402 3815 466 3869 Trea
476 3815 512 3868 illl
522 3814 594 3869 cedd.
629 3813 701 3872 εἶναι
718 3813 784 3870 καθ’
803 3815 905 3882 devenir
930 3817 1089 3890 γεγόνασιν,
1107 3822 1160 3879 uria

61 3906 119 3957 mati
152 3897 348 3970 ἀποκλήρωσον
376 3895 392 3954 ὁ
419 3897 593 3969 ποιήσας.
630 3895 714 3956 ἄλλου
733 3900 831 3972 χάριν,
856 3899 893 3967 ὥς
918 3901 954 3958 eri
972 3904 1159 3978 βοτοὶ[Ραι·.1

59 3988 213 4043 Pertleulam
240 4005 287 4051 τε,
322 3992 380 4040 aute
408 3987 456 4041 καλ
482 3989 595 4055 σοφίαν,
629 3984 718 4057 βοτὰ]
736 3987 829 4042 πάντα
847 3989 894 4045 καλ
911 3987 1007 4060 τηκτά.

58 4074 119 4129 Par.
137 4073 164 4128 2.
183 4073 243 4128 det.
261 4078 288 4127 et
312 4073 425 4126 Nrnnlne
442 4076 594 4144 praetermi-
695 4071 738 4127 36.
755 4075 817 4144 ζῆν]
836 4077 902 4131 dier.
919 4077 983 4130 Duc.
996 4078 1062 4132 ldae.
1076 4074 1158 4148 ζωήν,

57 4161 158 4217 urunt
193 4159 254 4216 Aet.
273 4157 391 4227 netur,
411 4172 461 4213 nun
480 4161 593 4229 οοφλατ.
628 4159 692 4214 citra
709 4162 883 4217 urrunnun
900 4159 971 4216 redd.
990 4165 1119 4217 maturum.
