2708 4666
400 933 839 1054 coturnum.

60 1397 194 1531 Quum
222 1430 281 1498 diu
306 1431 349 1499 sit
372 1453 414 1498 ex
440 1453 510 1520 quo
536 1430 572 1499 S.
602 1429 722 1511 lustini¹
743 1428 954 1522 Philosophi
977 1439 1013 1497 et
1041 1418 1207 1520 Murtyss

60 1557 102 1626 tia
124 1578 274 1650 operum
298 1580 387 1646 quae
410 1557 567 1626 feruntur
587 1557 740 1626 omnium
760 1556 947 1626 editionem
968 1577 1059 1625 anuo
1081 1554 1178 1625 1842

59 1683 230 1777 inceptam
257 1683 482 1752 absolverim:
524 1707 613 1774 quae
644 1683 784 1775 quidem
820 1684 900 1752 viria
931 1683 966 1751 in
1003 1683 1072 1751 hoc
1105 1690 1177 1750 stu-

60 1807 194 1878 diorum
227 1784 360 1903 genere
395 1810 696 1901 excellentiooimia⁸
720 1849 763 1859 —
828 1831 899 1878 non
924 1811 961 1878 in
993 1809 1179 1879 Germania

62 1935 192 2022 solum,
219 1937 279 2006 aed
307 1935 403 2004 etin
435 1936 583 2029 Anglia,
612 1935 778 2023 Francia,
803 1937 945 2023 Ruina,
979 1935 1053 2004 aliia
1079 1933 1178 2003 terris

65 2100 104 2109 --
134 2062 283 2156 probata
307 2073 359 2132 eat
383 2074 487 2153 atque
524 2062 648 2131 iterum
677 2062 809 2155 (corp.
835 2062 1018 2156 Apologg.
1044 2060 1175 2129 clrriatt.

62 2212 145 2257 saec.
185 2213 253 2260 aec.
289 2189 382 2258 Voll.
419 2186 500 2258 1—
522 2186 575 2278 V)
608 2188 704 2257 annis
742 2187 1033 2259 1847-501511
1062 2186 1177 2256 lucem

62 2313 204 2405 prodiit:
257 2312 396 2384 Tatiani
429 2314 564 2406 Assyrii
603 2315 805 2409 apologiam
840 2336 908 2408 pro
948 2337 1049 2384 cauea
1082 2313 1176 2381 chri-

63 2440 163 2509 atiaua
190 2440 276 2510 mihi
306 2441 402 2511 licuit
439 2441 564 2510 eodem
599 2450 721 2510 tenore
756 2463 847 2513 nunc
873 2439 1024 2511 demum
1060 2441 1172 2509 edere.

64 2565 144 2635 llam
180 2577 216 2635 et
239 2589 361 2637 munus
388 2589 458 2657 quo
491 2567 622 2660 longor
656 2568 892 2637 academicum
915 2590 992 2636 mea
1018 2576 1176 2660 tempora
1235 2612 1238 2617 ·

64 2692 248 2785 occupavit,
281 2693 415 2786 etipse
443 2692 610 2762 'l'atimua
636 2715 767 2763 moram
792 2693 1018 2787 interposuit3
1053 2694 1082 2762 ia
1107 2667 1175 2761 aci-

64 2816 145 2902 licet,
179 2819 332 2887 omnium
367 2819 476 2912 louge
505 2818 729 2889 difficillimus
759 2841 964 2913 graecorum
1002 2819 1174 2912 apologe-

63 2953 183 3030 tuum,
210 2944 355 3012 maxima
382 2945 510 3014 obiecit
535 2944 793 3039 impedimenta.
846 2946 961 3032 Quam
988 2944 1175 3012 obscurum

62 3068 99 3135 sit
119 3071 283 3139 orationis
304 3082 414 3163 genus
441 3092 511 3161 quo
539 3071 643 3140 utitur
665 3071 733 3140 dici
760 3071 817 3139 vir
841 3079 979 3163 potesta
1012 3067 1175 3159 quocirca

60 3193 149 3265 luere
182 3196 346 3286 quicum
373 3196 456 3265 scite
486 3196 700 3266 Heraclitum
733 3195 924 3265 redivivum
956 3193 1174 3287 appellarent

61 3320 109 3388 vel
133 3320 386 3391 Tertullianum
414 3323 588 3413 assyrium.
861 3332 866 3336 '

154 3447 308 3518 (laeteris
332 3447 552 3540 apologetis‚
595 3448 725 3540 pariter
749 3447 882 3542 gramis
909 3459 1013 3539 atque
1048 3447 1172 3523 latinia,

58 3576 133 3645 licet
158 3577 203 3644 eit
225 3572 364 3641 minime
388 3571 549 3644 inferior:
577 3584 691 3643 tamen
716 3584 797 3666 post
821 3573 1008 3642 Wortlrnm
1033 3583 1068 3641 et
1093 3571 1171 3640 Ma-

58 3723 191 3786 nnum,
231 3698 358 3767 abhinc
386 3721 494 3768 annos
529 3708 668 3768 centum
692 3708 727 3767 et
761 3699 855 3789 quod
885 3699 1045 3783 excurrit,
1078 3696 1172 3766 haud

55 3826 181 3921 reperit
204 3825 264 3917 qui
287 3846 376 3918 opus
408 3823 517 3918 ipsius
550 3825 808 3918 apologeticum
846 3833 880 3894 et
913 3822 1113 3893 emendaret
1138 3833 1173 3891 et

52 3954 260 4046 explicaret3
309 3973 411 4021 nemo
441 3950 551 4019 voluit
588 3950 767 4044 negotium
810 3948 957 4042 aggredi
1003 3971 1170 4040 perquam
1288 3982 1290 3987 ·

51 4076 207 4149 difficile.
266 4076 401 4163 Quodsi
430 4100 505 4148 mea
539 4100 631 4148 nunc
653 4098 762 4171 opera
795 4074 1041 4167 qualiscunque
1067 4095 1171 4164 quum
