2708 4666
120 506 166 569 pp
189 485 233 567 cpi
250 475 310 561 μετ’
331 473 427 545 αὐτᾶν
447 481 537 564 τρίτῳ
559 479 619 562 τήν
639 479 804 543 Χαλδαίαν
824 477 960 559 ίοτοοίαν
984 475 1018 542 ίν
1040 474 1172 561 conoide

122 615 168 666 οτς
189 588 353 667 κατατάξας
373 588 423 653 καί
447 585 485 653 τοί
506 589 573 673 περί
605 593 668 653 τῶν
693 589 844 671 βασιλέων
873 585 903 625 ¹⁰
911 587 1083 666 ίτθίμενος,
1107 579 1172 668 οἶφη

121 703 171 765 ταί
190 696 394 775 revocavistis
414 697 510 781 ὄνομα
530 693 815 782 Ναβοοχοίονόσορ,
841 701 896 765 τοῦ
927 695 1167 780 στρατεύσαντος

126 813 271 886 Φοίνικας
293 809 343 874 ταί
369 806 550 883 Ἰουδαίους·
593 804 683 873 ἅτινα
715 805 765 872 dcci
789 812 852 872 ττὸν
875 803 946 870 καθ’
968 804 1049 888 ἡμᾶς
1070 829 1172 889 asom

121 923 207 1002 ἴομεν
233 921 451 1003 κεκηρυγμένα,
493 918 634 1002 γεγονότα
661 920 717 1001 μίν
744 915 821 983 mid
853 921 908 1000 τῆς
935 919 1099 992 Moesicae
1123 912 1172 999 ᾇίι

123 1027 327 1113 umnam,
351 1026 410 1112 ατρό
431 1029 464 1093 dl
484 1033 538 1111 τῆς
560 1031 691 1112 disponis
718 1026 880 1111 ἡγεμονίας
905 1028 1001 1093 incon
1021 1024 1172 1123 ἕβδομὴατ

120 1141 267 1223 Βηρωσὸς
287 1141 320 1205 tl
343 1141 424 1206 docco
452 1134 531 1223 civeip
562 1134 765 1215 ίτανοίτατος·
805 1137 855 1203 καί
879 1134 989 1203 τούτου
1011 1136 1172 1221 τεκμήριον

121 1252 188 1331 βας,
220 1248 309 1328 Πὸς,
347 1250 424 1335 Περί
460 1247 626 1335 Ἀσσυρίαν
656 1248 794 1334 γράφων,
830 1247 913 1332 παρὰ
947 1251 1097 1331 Βηοωοοῦ
1125 1244 1172 1329 “q

120 1548 174 1603 aius
192 1553 276 1604 autem
294 1551 348 1617 (lle
366 1551 457 1604 histor.
483 1564 522 1618 gr.
541 1549 581 1603 ed.
600 1551 661 1603 We·
696 1563 754 1602 mur
782 1553 812 1602 ul
843 1547 898 1616 ipse
930 1547 957 1599 in
992 1545 1120 1599 rationem
1155 1560 1172 1600 r

121 1638 262 1688 stermann.
281 1652 306 1705 p.
320 1635 369 1689 121
380 1637 444 1705 aqi,
464 1637 587 1690 Worthus
605 1636 662 1705 (qul
696 1632 859 1695 Alexander,
893 1629 1020 1685 sccundus
1043 1631 1078 1684 sit
1105 1629 1172 1685 Seleu

119 1718 187 1771 illlus
206 1721 284 1773 verbe
300 1721 328 1773 in
345 1721 406 1774 edit.
427 1737 497 1774 suam
521 1722 661 1776 transscrl-
696 1721 790 1773 lortius
807 1718 950 1773 Antiochus
968 1714 1089 1786 Σατὴοε
1115 1714 1172 1770 adl

119 1804 194 1873 psit),
212 1804 349 1858 Richtcrus
368 1805 398 1872 (l.
416 1822 439 1861 c.
457 1823 482 1876 p.
501 1808 517 1861 6
535 1809 588 1877 sq.)
605 1822 662 1861 rem
696 1806 726 1859 ah
745 1806 814 1858 obitu
827 1804 969 1858 Alexandri
986 1806 1048 1857 sunl
1063 1806 1172 1857 uum

120 1890 269 1957 relinquunt
294 1892 321 1944 ln
354 1891 461 1945 incerto.
509 1893 593 1960 Quidi
632 1893 660 1946 sl
696 1892 755 1945 anni
772 1890 860 1958 XLll;
877 1888 945 1942 unde
964 1888 1079 1942 Berosus
1092 1889 1172 1943 iesca

119 1972 230 2028 Eusebio
250 1976 355 2031 credere
378 1977 499 2046 velimus,
533 1978 660 2032 Antiocho
695 1978 815 2044 genasius
842 1991 871 2029 ac
896 1975 981 2045 paullo
998 1975 1088 2028 senior
1105 1975 1172 2029 hiato

120 2059 182 2131 Θεῷ
201 2061 315 2116 Berosus
333 2063 465 2117 historiam
484 2064 594 2129 obtulit3
620 2064 659 2117 ri-
695 2063 816 2116 obtulcrit
833 2063 888 2129 regi
907 2060 1034 2115 Antiocho
1054 2060 1154 2114 Soteri.

119 2146 212 2200 delicet
230 2148 356 2201 Seleucus
374 2149 471 2217 primus
490 2153 539 2218 cst,
566 2165 660 2203 secuu—
694 2152 744 2215 cst,
769 2147 889 2214 Syncello
914 2151 981 2200 leste
1007 2145 1126 2200 Berosus

119 2231 167 2285 dus
187 2233 329 2287 Antiochus
348 2234 435 2303 Soter,
454 2237 548 2289 tertius
566 2235 659 2289 Antio·
693 2250 766 2287 suum
786 2232 864 2286 edidit
881 2235 963 2285 aetate
987 2230 1132 2285 Ptolemaei
1149 2230 1172 2286 1·

119 2319 181 2372 chus
212 2319 291 2372 Deus.
346 2319 398 2374 Sed
427 2320 494 2391 apud
528 2322 659 2375 Tellanum
693 2319 788 2391 delphi,
808 2320 850 2388 quai
868 2320 895 2371 in
913 2318 1032 2387 Aegypto
1049 2316 1111 2371 inde
1126 2317 1172 2371 ahi

119 2417 229 2472 quoque,
248 2421 325 2474 quum
348 2406 490 2459 Antiochus
514 2407 659 2459 nominatur
692 2403 744 2458 284
761 2420 809 2474 por
825 2404 860 2458 38
874 2418 954 2457 annos
971 2404 1106 2470 regnauita
1125 2406 1172 2458 el¹

119 2490 272 2557 quitertiae
290 2495 331 2544 est
356 2493 387 2544 ab
410 2490 569 2558 Alexandro,
599 2491 659 2544 licet
694 2490 794 2559 quidem
819 2491 873 2543 eius
891 2490 968 2542 tertio
987 2488 1172 2557 imperiumsp

117 2574 263 2642 intelligere
304 2577 458 2631 Antiochum
495 2572 585 2640 Θαότς
627 2579 657 2630 ab
693 2578 808 2646 suscepit
824 2575 966 2629 Antiochus
984 2574 1072 2641 Soter,
1101 2588 1170 2628 anno

118 2658 265 2712 Alexandro
292 2663 358 2714 enim
382 2663 514 2731 proximus
543 2667 584 2715 est
608 2664 657 2716 Sc·
692 2668 743 2716 tam
768 2662 868 2715 demum
893 2662 1016 2729 vigesimo
1041 2660 1157 2715 secundo

118 2742 215 2811 leucus,
233 2745 298 2798 alter
321 2747 463 2801 Antiochus
490 2749 575 2814 Soter,
602 2752 657 2802 lor-
692 2749 791 2801 tiochns
809 2748 888 2801 Deus.
923 2748 1009 2801 Aliter
1031 2747 1109 2800 eliam
1127 2751 1172 2801 aet

118 2829 169 2881 tius
189 2830 331 2886 Antiochus
349 2835 429 2886 Deus.
465 2833 561 2899 Quodsi
573 2835 657 2887 Bero·
692 2834 785 2887 Berosi
803 2835 909 2887 Vossius
933 2832 951 2884 l.
970 2849 992 2886 c.
1018 2832 1138 2886 adstruit.

118 2929 177 2981 sus,
196 2932 272 2985 quum
292 2917 440 2971 Alexander
462 2918 554 2987 obiret,
579 2920 657 2972 fuerit
693 2919 793 2989 quidem
811 2919 911 2972 Plinius
930 2919 997 2973 illst.
1015 2921 1069 2971 nat.
1090 2918 1135 2972 vl.
1162 2932 1172 2971 r

117 3015 240 3056 annorum
258 3003 362 3056 circiter
380 3003 471 3069 uiginti
494 3004 541 3070 (ci.
568 3006 657 3072 fragm.
693 3007 775 3059 relect
799 3005 926 3056 Bcrcsum
955 3002 1059 3057 tradere
1088 3016 1172 3056 memo

117 3086 257 3142 Alexandri
282 3087 407 3153 Polyhlst.
433 3104 473 3157 ap.
499 3089 613 3143 Richter.
631 3108 657 3162 p.
693 3090 936 3159 quadringentorum
962 3103 1087 3142 annorum
1113 3093 1172 3142 eta

115 3171 150 3225 17
167 3178 193 3226 et
209 3171 269 3226 ihld.
289 3187 315 3225 a.
334 3173 373 3241 1),
399 3189 507 3229 neccsse
525 3181 566 3230 est
591 3193 657 3245 eum,
693 3177 779 3243 ginta:
797 3176 914 3244 quisine
935 3175 1010 3227 dubio
1029 3174 1170 3228 santensi

117 3273 194 3325 quum
211 3260 345 3328 imperium
363 3260 394 3312 ad
409 3260 562 3315 Antiochum
574 3263 656 3315 Deum
692 3262 847 3315 bonassaris·
892 3261 929 3314 At
951 3265 1026 3328 caput
1049 3259 1172 3315 euracli

115 3345 285 3410 pervenisset,
303 3346 383 3397 luisse
397 3348 594 3413 octogenarium.
614 3348 657 3401 Nil
691 3363 827 3400 nassareae
865 3347 950 3413 surgit
985 3344 1143 3415 Olympiadis

117 3441 178 3480 sane
196 3428 314 3495 prohihet
338 3443 387 3497 quo
415 3433 497 3485 minus
516 3437 657 3486 statuamus
692 3447 758 3485 anno
776 3432 802 3485 2.
838 3432 862 3486 A
888 3447 938 3501 quo
963 3436 1080 3500 tempore
1106 3431 1131 3484 si
1155 3444 1172 3485 u

117 3527 205 3566 senem
224 3512 355 3565 historiam
373 3517 508 3586 scripsisse
526 3522 569 3570 eut
584 3523 658 3571 antea
691 3533 812 3571 numeres
830 3515 891 3584 leo,
913 3518 1053 3570 incidemus
1072 3517 1098 3569 ln
1118 3521 1172 3570 exit

117 3598 237 3666 scriptam
256 3598 356 3652 misisse
373 3602 437 3669 rogi.
468 3604 504 3655 At
522 3604 656 3672 scrupulus
691 3606 805 3671 tempora
826 3603 946 3656 Antiochi
966 3603 1110 3669 Σωτῆρος.
1148 3603 1170 3670 Q

118 3682 163 3749 (ci.
182 3682 254 3736 Bihr
270 3684 296 3736 in
319 3687 399 3753 Pauly
425 3689 656 3756 Boot-Eoccyrlo-
691 3689 731 3740 vel
748 3689 806 3740 huic
824 3687 863 3741 acl
882 3687 935 3740 lilio
952 3689 1006 3740 cias
1024 3688 1155 3741 Antiocho
1170 3714 1172 3725 ‹

113 3771 211 3836 predic
241 3772 266 3823 d.
303 3773 381 3825 ciues.
416 3773 655 3827 Alicrlhumsaoise.
691 3774 823 3826 historiam
841 3790 913 3826 suam
939 3773 1061 3825 dicaverit
1088 3773 1172 3827 Beroe

117 3854 188 3907 Tum.
205 3857 226 3908 l.
246 3873 272 3925 p.
292 3856 358 3910 1101
384 3862 411 3911 et
437 3856 543 3908 Bunssn
568 3860 655 3928 Aepy·
690 3858 761 3911 Idem
779 3860 808 3911 V.
828 3860 858 3911 1).
882 3860 1027 3912 Gesnerum
1044 3861 1172 3926 refutat,¹

113 3945 192 4007 piena
208 3942 294 3994 Stella
316 3945 346 3994 io
364 3944 412 3993 dec
435 3941 653 4009 Wellpeschichle
691 3959 738 4011 per
757 3944 931 3997 Alexandrum
956 3943 1064 4009 intelligi
1085 3948 1159 4011 putat

114 4025 172 4079 Lib.
191 4028 239 4093 111,
257 4026 348 4079 llamh.
368 4025 444 4093 1845,
463 4041 489 4095 p.
516 4027 562 4096 93)
586 4029 655 4081 lolli-
691 4029 801 4097 Philippi
819 4029 898 4082 illium
917 4033 1085 4097 cognomento
1102 4031 1172 4098 Mago

116 4116 167 4178 tur,
186 4114 208 4165 si
226 4110 302 4165 uerba
322 4112 420 4166 Tetianl
439 4113 474 4166 ita
498 4114 655 4182 interprete·
691 4115 812 4169 sedeam
831 4117 917 4183 quiin
937 4117 1028 4182 Syriae
1040 4129 1124 4183 reguo
1138 4115 1172 4170 lio
