2708 4666
413 252 417 260 '
478 234 863 316 PROLEGOMENA.
1095 251 1221 329 mm

110 419 365 495 siastioornm“
390 421 506 495 Temo
521 424 651 518 primo,
675 423 827 496 Parisiis
844 411 942 516 (per
960 424 1221 501 Sounioalra-

110 557 187 621 uae
228 555 267 618 et
295 542 554 640 Hieronymum
587 548 836 640 lirovardum)
869 549 1111 622 Mocxxlv.
1140 553 1220 624 llol.

109 672 354 764 poe-lot.
405 670 447 742 ln
471 673 598 763 paneis
622 679 760 744 tanmm
784 674 874 745 loeis
896 675 1005 745 taeite
1026 676 1136 747 aliam
1159 680 1219 746 le-

109 797 268 869 odonem
297 794 453 867 admisit
505 797 566 866 Ad
587 799 725 870 oaloem
751 798 856 870 'l'onui
880 819 952 872 non
978 802 1096 871 solnm
1122 799 1221 871 Ges-

110 920 190 992 nen'
214 927 256 992 et
280 918 459 1012 Stephani
483 920 540 1011 (p.
567 921 762 1012 25-s.7)
786 901 854 993 sed
877 943 965 994 suas
989 944 1133 1014 quoque
1166 926 1218 1016 (p.

110 1046 293 1136 88—89)
314 1051 423 1116 nutas
451 1043 624 1115 eonieoit:
648 1044 781 1134 quibus
813 1055 879 1118 aut
906 1047 1062 1118 vitiosos
1080 1050 1221 1138 aliquot

109 1166 397 1258 Supplioationis
414 1173 518 1240 looos
536 1168 633 1258 [fere
652 1173 843 1261 quattuor]
872 1191 919 1241 ex
942 1173 1110 1266 ,',duobue
1135 1193 1219 1244 mse.

110 1290 300 1365 moissi
317 1292 356 1362 l“
380 1296 442 1384 [=
460 1291 544 1364 Par.
568 1294 641 1364 451
661 1299 700 1364 et
716 1295 809 1385 174]
835 1300 946 1384 atque
962 1317 1009 1366 ex
1025 1317 1112 1389 „ms
1131 1296 1219 1367 illu-

111 1415 282 1488 etrissimi
308 1398 515 1489 cardinalis
544 1416 734 1489 loedsaei“
760 1419 925 1489 correxit
957 1425 1022 1490 aut
1045 1423 1219 1492 nonnulla

110 1540 324 1615 illustravit
346 1554 397 1595 -·-
453 1540 702 1637 „0hsonriora
729 1545 910 1632 quaedam
946 1549 1067 1615 textus
1092 1544 1220 1637 graeei

111 1663 217 1739 leea“
244 1665 465 1737 examinavit
493 1665 590 1738 Nio
614 1668 661 1737 le
694 1666 732 1738 N
742 1688 890 1761 ourry
928 1669 965 1739 iu
989 1668 1133 1760 Appar.
1169 1670 1218 1741 ad

111 1787 380 1862 Bibliotheoam
396 1788 495 1860 Max.
508 1798 596 1862 vett
614 1791 763 1865 Patrum
783 1791 825 1862 P.
836 1792 860 1862 Ι.
870 1791 977 1884 (Par.
1003 1794 1113 1865 1703.
1124 1793 1219 1886 dol)

112 1936 146 2007 p.
163 1916 296 1986 494-
307 1913 393 1983 leo.

123 2086 130 2099 ·
213 2035 372 2109 'l'extum
407 2056 476 2128 per
500 2037 655 2113 Gesneri
685 2042 884 2116 editionem
906 2045 1097 2135 vulgatum
1125 2044 1219 2112 red-

114 2162 288 2235 diderunt
311 2161 507 2253 perpaucis
525 2157 617 2234 loeis
631 2172 805 2238 mutatum
823 2166 981 2238 loannes
996 2167 1089 2260 Fell,
1112 2166 1220 2237 Ada-

113 2306 194 2361 mns
226 2285 492 2379 lleohenherg,
527 2283 721 2360 Eduardus
744 2290 920 2384 Deohair,
960 2311 1114 2379 quorum
1146 2291 1220 2363 iam

113 2412 340 2503 exemplaria
368 2410 530 2481 afferam.

193 2533 293 2617 „Toni
317 2532 354 2598 ἐν
382 2526 487 2612 ἁγίοις
521 2528 647 2614 πατρὸς
676 2527 766 2616 ἡμῶν
793 2529 1013 2621 Ἀθηναγόρου
1042 2531 1221 2620 Ἀθηναίων

113 2657 296 2748 wadone
310 2655 486 2741 Ζωζόμενα
510 2644 876 2738 [sieprozec6nm1.
906 2648 947 2719 S.
959 2647 1081 2720 Patris
1096 2648 1221 2721 Athe-

113 2764 278 2865 nagorae
291 2768 510 2862 Philosophi
526 2766 763 2840 Atheniensis
781 2767 912 2865 Opera,
938 2774 987 2842 ad
1007 2772 1096 2845 Mes.
1110 2773 1221 2846 fidem

114 2899 160 2990 [l]
186 2895 390 2987 reoognita
440 2892 594 2986 oxonii,
619 2913 640 2962 e
666 2890 814 2962 theatro
836 2894 1098 2968 Sheldoniauo.
1150 2898 1219 2969 Au.

113 3017 368 3093 honu1682.“
393 3012 468 3089 12⁰.
511 3016 709 3087 loannes
733 3015 868 3110 Fene,
893 3015 1111 3090 0xoniensie
1134 3019 1219 3109 epi-

113 3164 269 3237 seopus,
294 3143 390 3215 haue
409 3141 605 3213 editionem
621 3138 746 3233 „typis
763 3145 802 3210 et
826 3137 945 3212 forma
961 3140 1126 3233 exiguis“
1149 3144 1221 3213 ad-

112 3269 271 3363 ornavit,
295 3288 341 3338 ne
358 3266 513 3359 egregia
538 3265 801 3353 Athenagorae
821 3281 936 3352 opera
960 3264 1132 3356 deinoepe
1151 3269 1221 3339 suh

111 3395 243 3465 umbra
276 3389 526 3484 grandiusculi
556 3386 751 3459 voluminis
776 3387 1056 3480 delitesoerent,
1091 3391 1221 3465 sedin

113 3517 195 3588 siun
221 3522 261 3587 et
294 3516 461 3587 manibus
495 3512 721 3585 eruditorum
751 3517 934 3602 perpetuo
971 3521 1221 3587 versarentur.

112 3638 296 3733 Repetiit,
325 3640 393 3709 sed
416 3639 570 3730 vitiose,
606 3642 746 3707 textum
779 3636 986 3728 vulgatum,
1014 3653 1037 3704 e
1069 3639 1227 3737 regione,

113 3763 238 3855 posim
260 3763 454 3835 versiones
483 3781 596 3852 snpra
621 3765 843 3831 memoratas
867 3767 905 3837 et
923 3779 1129 3849 perpaucas
1151 3783 1222 3834 no-

113 3890 211 3960 tulas
235 3885 443 3978 adspersit,
470 3885 601 3975 quibus
631 3883 770 3972 aliquot
787 3885 869 3974 (16)
888 3883 1067 3954 leotiones
1087 3905 1134 3956 ex
1155 3907 1224 3958 oo-

112 4013 255 4085 dioihus
280 4010 493 4081 Bodleianis
520 4017 559 4079 et
586 4009 783 4079 nonnullae
810 4009 1040 4081 coniecturae
1066 4008 1223 4081 Gesneri

111 4135 366 4231 stephanique
390 4134 631 4207 eontinentur.
682 4130 761 4205 Suo
774 4130 897 4207 Marte
920 4134 1012 4207 nihil
1028 4128 1222 4226 praestilit
