2708 4666
348 210 608 276 surrucarto
631 209 709 272 rito
731 206 992 275 cumbum&
1158 213 1220 279 111

120 385 283 464 corruptio
305 388 372 460 est,
387 366 474 446 ¹baec
499 385 620 462 quinam
645 384 723 444 deos
740 399 813 444 esse
836 384 971 444 enodati
992 384 1043 446 Ad
1066 400 1122 447 eos
1142 403 1221 448 vero

120 494 173 574 qui
198 496 364 557 Saturnum
384 500 507 574 tempos
531 511 602 555 esse
625 495 747 575 dicunt,
771 494 888 556 Rheam
909 497 1011 555 antem
1032 499 1167 575 terram,
1189 500 1223 558 et
1303 551 1304 555 ,

121 607 202 668 bano
231 607 354 684 quidem
381 621 422 668 en
449 605 583 666 Saturno
612 606 777 682 concipere
800 608 832 663 et
851 622 982 685 parere,
1014 608 1095 666 unde
1128 608 1222 668 etiam
1338 596 1342 602 ’

121 720 222 778 mater
238 716 441 788 existimatur
461 717 610 795 omnium,
636 715 723 776 illnm
745 718 847 774 autem
876 717 1006 793 gignere
1028 720 1060 775 et
1085 718 1221 794 [genita]

122 828 299 904 devorare,
333 829 366 885 et
391 826 526 887 virilium
552 825 775 884 abscissionem
805 841 878 885 esse
904 826 965 885 viri
994 843 1062 887 cum
1093 827 1224 888 muliere

121 939 251 1014 coitum,
280 954 341 1014 quo
368 936 456 994 velut
483 938 645 996 resecatur
668 938 701 1009 [e
717 936 778 995 viri
800 939 948 1014 corpore]
973 939 1116 1015 genitura
1139 942 1172 998 et
1192 936 1223 998 in

121 1051 244 1108 uterum
265 1048 437 1107 demittitur
458 1049 490 1105 et
504 1044 598 1105 bomo
617 1048 803 1122 generatur,
824 1049 872 1106 cui
896 1049 1066 1126 cupiditas,
1088 1048 1149 1110 hoc
1175 1054 1226 1110 est

121 1159 245 1235 Venus,
283 1159 375 1217 insita
404 1160 469 1232 est,
507 1155 643 1214 lurcrom
687 1158 788 1214 antem
820 1155 946 1217 Saturni
976 1158 1047 1219 esse
1073 1162 1225 1239 temporis

121 1268 322 1328 mutationem
350 1268 484 1327 animata
507 1270 539 1324 et
562 1265 726 1325 inanimata
748 1271 1012 1346 corrumpentem,
1045 1271 1168 1331 vincula
1192 1274 1226 1330 et

123 1383 276 1439 tartarum
298 1381 420 1455 tempus
443 1393 513 1436 esso
535 1376 618 1451 quod
635 1376 875 1452 tempestatibus
898 1381 1033 1439 mutatur
1055 1384 1087 1439 et
1106 1397 1225 1440 evane-

122 1491 198 1550 scit:
230 1489 332 1547 —ad
354 1505 410 1546 eos
434 1487 530 1563 igitur
553 1486 598 1544 sic
623 1486 767 1544 dicimus:
797 1487 824 1545 si
848 1495 969 1565 tempus
993 1493 1042 1549 est
1064 1489 1226 1569 Saturnus,

114 1602 278 1674 motatur,
307 1599 333 1656 si
364 1600 552 1674 tempestas,
582 1596 731 1670 vertitur,
767 1597 795 1655 si
819 1598 968 1657 tenebrae
998 1604 1051 1660 ant
1076 1616 1225 1663 summum

123 1710 226 1786 frigus
257 1713 311 1767 aut
335 1706 457 1766 humida
483 1709 610 1781 natura,
645 1705 722 1765 nibil
745 1706 854 1766 horum
882 1714 1061 1786 permanet;
1090 1718 1123 1770 at
1148 1713 1226 1772 deus

121 1822 173 1878 est
195 1817 377 1877 immortalis
402 1819 434 1874 et
460 1816 624 1874 immobilis
654 1819 687 1875 et
715 1813 929 1879 immutabilis:
953 1822 1097 1896 quocirca
1125 1839 1226 1899 neque

123 1929 294 1989 Sarturnns
324 1942 426 2001 nequo
461 1927 528 1986 eius
564 1927 759 1987 simulacrum
795 1929 873 1988 deus
903 1933 961 1989 est.
1006 1928 1094 2001 Quod
1123 1936 1225 1993 antem

122 2040 238 2100 attinet
263 2038 302 2097 ad
330 2034 454 2113 lovem,
485 2038 512 2095 si
534 2038 656 2113 quidem
682 2038 708 2097 is
739 2041 789 2096 est
818 2055 857 2098 ex
882 2037 1017 2101 Saturno
1047 2046 1138 2103 natus
1161 2060 1227 2120 aer,
1342 2091 1347 2098 .

123 2152 211 2211 cuins
240 2149 272 2207 id
296 2148 379 2223 quod
414 2147 580 2206 masculum
605 2151 655 2206 est
681 2145 824 2225 Iuppiter
848 2150 978 2231 dicitnr,
1007 2154 1089 2227 qnod
1125 2157 1227 2213 autern

124 2261 290 2322 femineum
310 2257 386 2317 Iuno
408 2253 495 2335 (binc
510 2274 602 2318 soror
618 2261 650 2315 et
665 2257 811 2336 coniux),
833 2263 982 2338 mutatur,
1003 2263 1029 2321 si
1052 2280 1130 2323 vero
1146 2268 1227 2324 tem·

123 2374 249 2451 pestus,
282 2370 433 2442 vertitur3
462 2369 495 2425 at
525 2368 602 2426 deus
634 2385 690 2427 nec
719 2372 856 2429 molatur
881 2388 938 2430 nec
961 2373 1103 2433 vertitur.
1148 2374 1228 2444 Quid
1307 2411 1310 2419 ·

124 2500 205 2561 opus
229 2483 279 2539 est
302 2480 393 2557 plura
416 2479 566 2537 dicentem
591 2478 682 2537 vobis
703 2479 865 2540 molestias
889 2481 1055 2562 exhibere,
1087 2484 1139 2560 qni
1160 2501 1230 2544 me-

123 2593 185 2653 lius
209 2591 309 2650 nostis
330 2589 403 2665 qnid
426 2605 531 2647 corum
554 2589 686 2664 quisquc
713 2590 829 2649 dixerit
851 2592 902 2668 qni
925 2593 1004 2652 haec
1025 2595 1064 2653 ad
1088 2580 1230 2656 naturam

123 2703 328 2776 revocarunt,
350 2699 401 2758 vel
424 2699 497 2774 quid
513 2700 551 2758 de
566 2702 677 2759 natura
699 2703 856 2762 senserint
873 2706 1064 2785 scriptores,
1084 2706 1136 2766 vel
1155 2706 1232 2783 qnid

191 2892 235 2946 30.
254 2889 287 2944 ad
306 2886 346 2944 ἐπ’
365 2887 442 2960 αὐτῷ
460 2891 587 2960 εἴδωλον]
612 2893 659 2945 llis
694 2893 749 2945 nult
767 2894 904 2948 intellectio
923 2898 986 2962 ista,
1005 2897 1054 2950 nisi
1072 2897 1159 2951 foedas
1176 2913 1231 2952 ma-

123 2980 209 3032 rerbis
229 2992 280 3030 non
296 2977 397 3029 ridetur
414 2976 540 3044 deslgnari
557 2978 659 3029 simula·
694 2980 772 3030 terias
788 2981 899 3032 mentitis
915 2983 1171 3047 argumentationibus
1186 2998 1230 3035 cc-

125 3081 194 3118 crum
214 3078 247 3116 cx
264 3077 323 3115 aere
340 3069 383 3114 aut
401 3063 469 3129 ligno
487 3065 592 3124 lactum,
615 3062 660 3115 sed
694 3063 796 3116 locaret
837 3067 974 3118 Saturnum
999 3081 1081 3134 neque
1106 3066 1162 3118 ideo
1187 3068 1242 3135 poi,

124 3150 205 3203 aliena
231 3149 331 3217 species
349 3148 396 3200 sub
414 3163 461 3215 qua
478 3148 661 3217 depingebatur
695 3149 777 3200 Ψ*
786 3149 800 3179 ’
813 3154 912 3215 tempus
926 3150 962 3217 [1.
972 3165 994 3201 e.
1007 3165 1091 3217 coeptae
1105 3152 1170 3203 odeo
1183 3154 1230 3220 put

125 3237 269 3297 Saturnus,
300 3235 353 3286 sine
384 3232 442 3285 ficta
472 3234 514 3285 illa
540 3236 661 3302 temporis
696 3235 1231 3305 oeumoicispmemetempm],eutium

126 3323 223 3389 imago,
243 3319 274 3373 ad
293 3336 366 3386 quam
384 3319 450 3371 illius
466 3321 529 3371 iacta
548 3321 661 3372 revocari
697 3335 753 3370 euni
773 3324 871 3386 tempos
889 3319 956 3384 lacis,
975 3320 1022 3370 iam
1041 3335 1088 3372 nec
1104 3322 1231 3377 leominem
1306 3364 1310 3380 ,

126 3407 249 3460 solebant
285 3405 328 3456 Sic
353 3405 523 3458 Tertullianus
549 3403 580 3455 ad
598 3409 661 3456 nait.
696 3410 734 3457 nis
754 3406 860 3456 inisse.“
895 3405 1034 3457 Moratur.
1061 3407 1232 3460 stiterimu-

126 3491 157 3545 ll.
182 3507 205 3543 c.
226 3489 274 3541 12:
299 3490 372 3556 „Aut
400 3490 527 3542 Saturnus
550 3490 597 3541 luit
619 3495 662 3542 ant
696 3504 743 3541 nae
760 3491 823 3543 istae
837 3491 862 3542 in
878 3491 987 3543 editione
999 3489 1152 3543 tertulliani·
1161 3491 1232 3544 Oeb-

125 3581 234 3646 tempus.
262 3576 390 3641 Quomodo
407 3577 533 3628 Saturnus
549 3575 581 3643 [si
597 3580 661 3628 tem·
696 3575 791 3628 leniant
810 3577 852 3643 (Τ.
869 3577 888 3628 1.
907 3591 931 3645 p.
951 3575 1014 3641 381)
1033 3575 1148 3643 expletae
1161 3580 1232 3630 sunt.

99 3710 103 3721 ,
126 3665 191 3733 pust
228 3662 282 3714 aot
311 3661 333 3713 si
362 3661 509 3730 Saturnus]
537 3661 661 3729 quomodo
764 3660 805 3714 31.
831 3660 887 3728 δεῖ]
928 3661 985 3713 Par.
1004 3659 1029 3713 2.
1058 3659 1132 3712 Bodl.
1157 3659 1181 3713 1.
1204 3660 1232 3716 2.

127 3747 246 3817 tempus?
273 3747 414 3815 Utrumque
432 3748 498 3799 enim
518 3761 569 3799 non
588 3753 661 3814 potes
696 3745 760 3798 Lub.
779 3747 847 3798 lion.
868 3746 935 3801 clar.
955 3743 994 3800 dl.
1030 3746 1092 3798 Post
1111 3740 1232 3813 ἐνοχλεῖν

93 3837 98 3847 ’
127 3832 258 3903 corporale
283 3833 309 3884 ln
328 3848 357 3885 eo
378 3831 561 3902 [confir1marc.
597 3832 662 3897 Quid
696 3828 778 3883 addidi
799 3824 878 3898 ripis,
903 3829 970 3900 quod
995 3830 1026 3882 ob
1043 3831 1232 3884 similitudinem

127 3922 209 3971 eutem
228 3919 358 3985 probibuit
383 3923 482 3986 tempus
508 3917 556 3970 coli
574 3918 599 3969 in
619 3934 663 3970 sua
697 3917 838 3982 praegressi
870 3920 897 3968 iv
920 3919 947 3969 in
972 3917 1098 3970 codicibus
1129 3913 1232 3968 excidit.

128 4004 247 4072 mutilate
266 4002 305 4072 [et
321 4019 371 4056 non
389 4006 416 4056 in
431 4004 527 4071 specie]
546 4004 663 4070 bominis,
697 3999 770 4052 Bodl.
789 4000 807 4052 2
824 3996 936 4068 icoleis.

128 4095 169 4143 tut
185 4088 295 4144 tabulam
312 4089 420 4142 bominis
451 4090 477 4142 in
495 4105 540 4142 sua
568 4091 663 4159 specie,
765 4086 807 4140 32.
826 4079 845 4156 ἢ
867 4079 897 4156 ἃ]
931 4087 991 4140 Par.
1014 4086 1040 4140 2.
1065 4085 1139 4140 Bodl.
1161 4082 1186 4136 1.
1204 4080 1231 4134 2.

128 4176 217 4230 oculu
226 4173 362 4246 compatris
371 4173 520 4245 qualitatelt
536 4172 603 4241 Quid
615 4173 663 4228 sibi
697 4171 757 4228 det
774 4170 830 4227 acl.
855 4172 887 4226 lu
903 4172 989 4227 l’ar.1
1009 4165 1123 4241 llsnpra
1139 4167 1232 4220 lineam
