2708 4666
328 115 740 234 nltnnsunmtculonlt
761 171 1020 236 donationum.
1160 172 1225 239 2⁴9

117 342 221 404 series
244 342 285 404 ad
307 334 548 422 unamaliquam
571 344 663 406 finem
683 345 859 424 referatur,
880 348 916 407 ut
930 346 1031 407 omnis
1047 348 1080 407 et
1104 346 1228 422 quidem

118 452 151 512 in
166 454 309 513 omnibns
336 455 376 514 ad
396 471 488 515 unum
510 463 691 517 concentum
713 456 915 531 eamdemque
931 457 1064 516 omnium
1085 457 1230 517 affectio·
1270 510 1276 517 .

117 579 190 623 num
212 565 396 623 societatem
413 559 615 641 concurrant,
637 564 769 624 hominis
793 567 929 642 creatio,
951 566 1085 625 hominis
1108 571 1230 640 natura,

117 670 254 732 hominis
277 673 357 749 vita¹
387 673 519 732 hominis
546 675 686 734 actiones
713 679 746 734 et
769 677 1009 754 perpessiones,
1040 677 1125 735 vitae
1146 677 1229 735 ratio

118 782 152 841 et
183 785 314 842 naturae
336 784 522 843 conveniens
544 783 623 842 finis.
668 782 787 852 Quodsi
817 800 895 843 unus
919 786 1033 861 aliquis
1055 788 1106 844 est
1131 786 1230 845 totius

118 891 262 950 animalis
288 895 456 952 concentus
488 908 655 967 rerumque
681 893 813 952 omnium
837 895 992 970 societas,
1015 895 1083 953 sive
1106 894 1146 952 ab
1161 895 1231 953 ani-

118 1015 169 1059 ma
187 999 428 1076 proficiscantur
448 1002 517 1060 sive
535 1016 671 1078 corpore
686 1000 880 1080 efficiantur,
903 1022 993 1063 unum
1016 1020 1088 1063 esse
1102 1004 1232 1081 oportet

118 1108 170 1168 his
187 1110 329 1169 omnibus
345 1111 446 1169 tinem.
490 1109 577 1170 Finis
599 1113 703 1170 autam
725 1129 803 1170 unns
818 1128 932 1172 revera
956 1113 1034 1192 erit,
1054 1112 1083 1172 si
1104 1112 1229 1193 animai,

119 1217 208 1278 euius
234 1222 284 1277 est
307 1219 362 1278 ille
391 1220 478 1297 finis,
506 1221 536 1279 in
561 1237 619 1279 sua
645 1221 726 1280 idem
743 1224 849 1280 exstet
868 1223 1099 1282 constitutione.
1144 1213 1231 1282 Idem

119 1329 224 1387 antam
241 1328 353 1387 animai
370 1330 494 1406 integra
509 1330 665 1407 exstabit,
690 1331 718 1390 si
737 1333 856 1411 omnia,
878 1348 917 1390 ex
942 1333 1054 1407 quibus
1075 1334 1229 1408 tamquam

118 1435 264 1514 partibus
290 1438 404 1496 animai
426 1440 639 1518 componitur,
673 1439 782 1498 eadem
806 1442 942 1498 exstent.
985 1439 1104 1499 Eadem
1127 1422 1230 1501 autem

120 1545 286 1605 seeundum
314 1547 475 1623 propriam
498 1549 743 1608 coniunctionem
768 1549 956 1625 exstabunt,
978 1550 1006 1608 si
1027 1567 1107 1625 quae
1124 1551 1232 1610 disso-

120 1653 186 1712 luta
208 1657 285 1713 sunt
302 1652 415 1714 iterum
434 1657 474 1716 ad
497 1653 640 1716 animalis
661 1659 914 1718 constitutionem
930 1659 1120 1719 coalescant.
1163 1659 1230 1721 Eo-

119 1764 258 1823 rumdem
282 1774 384 1824 autem
409 1765 564 1825 hominnm
584 1767 766 1826 constitutio
786 1769 966 1827 necessario
988 1775 1231 1845 consequentem
1308 1780 1311 1787 ’

119 1877 311 1933 mortuorum
333 1877 366 1933 et
385 1875 608 1935 dissolutorum
625 1892 791 1952 corporum
814 1877 1077 1937 resurrectionem
1099 1856 1230 1938 demon-

120 1984 220 2057 strat3
243 2001 312 2042 nam
336 1985 455 2059 absque
480 2002 518 2043 ea
541 2002 702 2060 numquam
731 1986 813 2045 inter
839 2002 874 2044 se
898 1986 1026 2045 eaedem
1048 1990 1156 2063 partes
1174 2005 1229 2048 se·
1341 2053 1345 2059 ,

120 2093 252 2152 eundum
267 2098 408 2153 naturam
425 2095 663 2170 coniungentnr,
685 2110 787 2169 neque
805 2095 984 2154 eorumdem
999 2095 1154 2157 hominnm
1169 2115 1229 2157 na·
1315 2138 1328 2162 .

121 2204 192 2261 tura
222 2203 408 2263 eonstiterit.
452 2203 569 2271 Quodsi
597 2205 628 2263 et
655 2219 742 2262 mens
764 2207 797 2262 et
824 2204 907 2263 ratio
930 2195 1105 2266 hominibus
1135 2207 1230 2266 datae

121 2315 194 2372 sunt
210 2313 251 2371 ad
267 2312 505 2391 intelligentiam
532 2329 638 2372 aarum
659 2328 762 2371 rernm
787 2329 867 2388 qnae
888 2316 989 2372 mente
1005 2315 1230 2394 percipiuntur,

120 2438 182 2480 non
211 2422 456 2482 substantiarum
480 2424 580 2482 solum
607 2423 664 2482 sed
691 2422 784 2481 etiam
817 2422 903 2482 itlius
933 2424 985 2498 qui
1013 2422 1117 2498 [haec]
1143 2424 1230 2484 dedit

121 2530 271 2591 bonitatis
293 2535 326 2591 et
350 2533 524 2608 sapientiae
547 2536 578 2592 et
600 2532 758 2608 iustitiae,
779 2548 909 2591 necesse
935 2535 985 2591 est
1017 2534 1068 2608 ut,
1090 2533 1130 2591 iis
1152 2549 1230 2610 per-

120 2640 317 2700 manentibus
338 2651 468 2717 quorum
498 2637 593 2703 cause
613 2641 768 2701 rationale
792 2641 938 2700 iudicium
965 2657 1145 2700 conoessum
1167 2645 1229 2720 est,

121 2751 222 2827 ipsum
237 2766 362 2826 quoque
376 2753 559 2827 permaneat
580 2750 726 2811 iudicium
744 2750 879 2809 adhaec
899 2751 1135 2839 [discernenda]
1153 2768 1232 2812 con·
1302 2776 1304 2785 ¹

121 2854 252 2919 eessu'm.
298 2857 363 2917 Hoo
383 2862 486 2919 autem
511 2875 695 2936 permanere
720 2875 781 2918 non
805 2859 940 2935 poterit,
962 2855 1075 2919 naturai
1098 2877 1178 2937 quaa
1198 2862 1232 2921 id

122 2968 241 3045 exeipit
259 2968 336 3027 etin
352 2986 412 3044 qua
429 2971 550 3029 residet
565 2985 626 3037 non
643 2970 854 3045 permanente.
899 2967 958 3035 Qui
974 2971 1077 3027 autem
1093 2971 1125 3027 et
1141 2978 1240 3026 mens

122 3085 184 3141 tem
208 3082 241 3140 et
263 3079 417 3138 rationem
442 3079 575 3154 suscipit
602 3080 653 3136 ost
672 3076 781 3147 homo,
809 3091 870 3133 non
890 3075 993 3134 anima
1013 3091 1071 3151 per
1092 3090 1128 3133 se
1148 3075 1229 3150 ipsa.

122 3189 284 3250 Hominem
306 3204 384 3263 ergo
412 3203 543 3248 neeesse
573 3189 624 3244 est
653 3202 694 3245 ax
724 3186 858 3259 utroque
881 3185 1073 3242 constantem
1105 3199 1231 3261 semper

121 3314 317 3382 permanere.
361 3296 519 3357 {sautem
545 3312 606 3355 non
628 3297 736 3374 potest
758 3309 960 3372 permanere,
988 3291 1048 3352 nisi
1073 3295 1231 3370 resurgat.
1298 3300 1304 3309 '

191 3519 234 3571 15.
255 3509 305 3578 ὥς]
329 3517 358 3567 ln
376 3514 447 3567 editt.
465 3515 532 3566 Mor.
552 3519 578 3565 et
596 3515 660 3566 Due.
695 3510 795 3575 oo'oicec
807 3511 864 3564 τῶν
881 3506 1048 3579 spartariam
1068 3508 1233 3573 evectores-

124 3602 245 3656 mendose
264 3600 366 3654 excidii·
696 3602 765 3653 σθαι
790 3601 853 3659 ταῖς
881 3593 947 3650 καθ’
964 3591 1106 3658 ὑπόβασιν
1130 3595 1232 3664 διαφε-

194 3685 236 3741 16.
256 3686 325 3748 τῶν]
344 3684 400 3738 Non
420 3688 503 3737 exstat
522 3670 553 3737 in'
566 3685 625 3738 aet.
695 3682 828 3751 periente,
848 3682 904 3732 coti.
927 3682 1017 3750 suppl.
1037 3698 1059 3734 c.
1081 3683 1107 3736 5.

192 3772 235 3826 17.
252 3770 299 3825 aui
319 3769 445 3832 dentem]
481 3770 510 3820 tn
530 3770 587 3821 det
610 3770 660 3822 dis.
765 3766 806 3820 19.
823 3764 888 3832 τήν]
908 3767 966 3819 Act·
985 3780 1035 3819 non
1054 3768 1179 3834 agnoseit.

122 3858 187 3912 tall.
220 3861 247 3910 et
273 3854 338 3924 apud
365 3856 447 3907 itanu.
474 3853 660 3908 desiderantur.
763 3850 807 3905 2⁰.
827 3850 879 3921 ele]
899 3851 967 3903 Cirr.
984 3847 1046 3912 ao
1061 3853 1096 3918 (c.
1110 3853 1135 3905 5.
1152 3851 1232 3908 n.16.

192 3941 234 3995 18.
259 3940 298 3993 Et
319 3935 349 3992 di
376 3937 438 4008 ete]
464 3938 504 3991 ci.
530 3937 660 3991 c.12.n.
696 3938 753 4006 at).

124 4029 167 4084 31.
188 4030 259 4095 Quae
281 4026 316 4077 rit
334 4025 404 4076 notio
423 4019 562 4077 odoros
583 4037 660 4088 quum
764 4018 807 4074 21.
825 4016 906 4075 ἅδύν.
923 4020 1015 4092 dacem]
1044 4022 1109 4090 Arg·
1128 4020 1188 4075 Par.
1206 4017 1231 4071 ³.

124 4128 171 4184 per
189 4128 218 4167 ae
237 4114 308 4181 patet
324 4114 378 4163 tum
395 4122 428 4162 ex
442 4123 464 4164 e.
477 4107 511 4162 16
525 4104 596 4176 μηδὲ
610 4105 662 4172 τὰς
697 4110 765 4163 clar.
782 4106 800 4160 2
816 4106 894 4176 drop.
912 4100 993 4160 door.
