2708 4666
450 227 837 303 PROLEGOMENA.
1111 256 1201 307 mn

183 399 311 467 ltemm
348 398 486 468 Tatiaui
524 399 647 471 Oratio
686 404 817 495 prodiit
841 407 876 473 in
901 406 968 475 hec
993 406 1199 481 collectione

79 548 96 593 a
140 525 313 593 loannu
354 526 573 600 Hunouoo
625 539 765 620 parata:
827 529 1198 628 „orthodoxographa

82 650 283 744 theologiae
306 665 518 722 sacrosancta
546 679 587 722 ac
608 656 814 746 syncerioris
830 658 913 727 lidei
939 659 1108 727 Doctores
1130 683 1196 729 uu·

79 800 174 847 mero
210 778 386 846 LXXVl“
421 790 486 848 etc.
551 782 708 851 Basileae
748 783 830 874 (per
858 784 1047 856 Henricum
1081 787 1196 876 Petri)

77 928 104 970 a.
127 902 239 971 1555.
270 903 349 974 Fol.
376 928 412 996 p.
443 907 667 977 186-226,
694 949 734 959 -
801 908 934 977 Textus
961 932 1106 1002 graecus
1129 936 1197 982 uns

79 1044 161 1098 cum·
178 1029 271 1098 notis
295 1032 540 1123 marginalibus
567 1033 719 1123 (tantum
748 1057 819 1103 nou
844 1037 1025 1126 omuibus)
1039 1053 1041 1056 ⁴
1054 1060 1097 1105 ex
1120 1039 1196 1107 edi-

76 1159 168 1226 tione
194 1156 230 1224 T
231 1157 367 1248 igurine
392 1157 539 1247 (omissis
569 1161 869 1252 paragraphorum
899 1165 1064 1252 numeris)
1090 1186 1196 1257 repe-

77 1283 154 1351 titus
189 1292 260 1364 eet3
306 1281 341 1351 in
376 1285 560 1376 perpaucis
595 1287 642 1356 ab
677 1309 718 1354 ea
750 1288 896 1355 aberret
946 1290 1093 1358 Accedit
1117 1314 1194 1359 rer·
1253 1285 1256 1289 ’

75 1409 124 1477 sio
149 1409 373 1479 Gesnoriaua.
425 1411 559 1478 Auctor
581 1411 740 1480 editionis
771 1410 975 1481 Oxoniensis
999 1414 1056 1503 (in
1081 1416 1193 1485 Praei.

76 1534 117 1602 nl
141 1534 328 1622 lectorem)
358 1543 395 1603 et
419 1536 641 1605 Noutrius
668 1538 713 1626 (l.
740 1561 770 1605 c.
797 1563 833 1630 p.
867 1536 960 1625 536)
994 1522 1196 1607 Orationem

75 1660 193 1744 „haud
226 1662 359 1729 semel“
391 1662 481 1729 inter
520 1661 868 1757 Orthodoxognpha
908 1663 1078 1755 prodiisse
1110 1666 1194 1734 scri·

77 1788 170 1855 bunt.
225 1787 296 1856 Sed
319 1789 416 1856 nulla
439 1799 520 1880 post
544 1812 671 1856 sunum
699 1790 798 1859 1555
827 1789 1195 1884 orthodoxographo·

75 1937 148 1983 rum
173 1913 283 1982 editio
306 1915 474 1999 habetur,
519 1916 556 1983 in
581 1938 647 2004 qua
675 1916 735 1985 illa
762 1940 822 1987 seu
850 1941 975 2010 graece
1000 1941 1061 1986 seu
1089 1918 1193 1987 latine

72 2050 194 2111 exalet.

172 2168 343 2236 Eamdem
377 2168 514 2237 'l’atimi
540 2166 743 2238 Orationem
767 2160 803 2237 in
829 2170 925 2237 calce
949 2168 1107 2262 Operum
1134 2173 1193 2239 lu-

77 2295 154 2366 stini
179 2295 276 2363 Phil.
303 2306 339 2365 et
370 2294 488 2377 Mart,
515 2320 581 2367 una
605 2319 683 2369 cum
705 2296 965 2387 Athenagorae,
983 2296 1191 2388 Theophili,

74 2422 239 2493 Hermiae
266 2422 417 2513 scriptis,
473 2421 582 2491 edidit
620 2424 887 2493 Funusrcos
931 2421 1192 2495 Monuuuus

72 2548 210 2616 Parisiis
237 2569 327 2616 anno
363 2547 460 2618 1615
500 2559 546 2636 et,
575 2549 707 2638 aliquot
732 2549 816 2618 locis
843 2547 1043 2634 emendetis,
1077 2549 1193 2619 denuo

75 2674 182 2742 1636.
208 2673 288 2742 Fol.
319 2673 485 2765 Appeud.
512 2697 547 2765 p.
577 2675 646 2743 141
663 2675 804 2742 -176,
828 2714 872 2725 -
935 2674 1087 2743 Textum
1116 2674 1191 2744 edi-

72 2799 172 2871 tionis
197 2799 390 2891 'ligurinae
425 2801 555 2888 absque
582 2800 672 2867 uotis
705 2800 878 2883 exhibuit,
928 2801 976 2868 ita
1000 2810 1125 2883 tamen,
1154 2809 1195 2869 ut

76 2926 287 2994 coniecturas
317 2936 353 2993 et
385 2925 640 2995 emendationes
663 2926 808 2994 Gesneri
825 2925 1032 3017 marginales
1057 2925 1093 2992 in
1114 2946 1192 2993 eusn

46 3030 178 3123 ⁸tacite
202 3051 407 3122 admitteret.
469 3052 651 3120 Praeterea
685 3050 877 3121 radonem
913 3051 1067 3121 eiusdem
1102 3051 1193 3116 Ges·

75 3179 148 3246 ueri
176 3177 311 3249 adiecit.
379 3177 553 3266 Equidem
585 3179 693 3248 altero
726 3177 871 3245 Morelli
896 3174 1084 3266 exemplari
1114 3194 1194 3245 mu

75 3326 158 3372 mm.
212 3303 318 3388 Quod
346 3303 486 3392 quidem
513 3327 556 3373 ex
582 3327 656 3373 asse
677 3302 847 3393 expressit
865 3300 972 3368 editio
998 3320 1088 3390 quac
1109 3298 1191 3370 co·

75 3450 246 3497 uonrsu
279 3451 340 3497 seu
370 3430 484 3520 potius
518 3430 728 3521 Vitebergae
755 3446 845 3494 auno
873 3425 973 3497 1686
999 3426 1112 3495 lucem
1139 3425 1193 3493 ri-

75 3555 142 3641 dit,
202 3567 302 3624 aucta
338 3555 599 3625 Christiani
642 3551 886 3622 Kortbolti
930 3550 1191 3638 commentario,
1298 3572 1302 3578 ·

76 3680 208 3749 llilouii
241 3691 340 3749 autea
374 3704 405 3749 a.
440 3680 538 3750 1675
573 3681 652 3748 Fol.
685 3678 819 3772 publici
842 3678 924 3746 iuris
948 3677 1050 3746 facto.
1102 3675 1194 3745 vius

76 3829 163 3894 quae
181 3805 227 3873 dc
246 3805 300 3874 his
318 3806 526 3874 editionibus
541 3807 578 3873 in
598 3803 694 3897 Opp.
717 3804 835 3872 lustin.
852 3802 955 3887 Tom.
973 3802 991 3871 l
1007 3805 1068 3892 (Ξ
1082 3802 1191 3894 Corp.

80 3932 262 4024 Apologg.
291 3932 370 3999 Vol.
400 3933 433 4018 1)
457 3933 627 4022 Prolegg.
652 3955 686 4023 p.
713 3929 814 3996 XXV
843 3925 1002 4018 sq.dl1i.

176 4057 234 4124 Ex
257 4057 409 4126 editione
437 4056 609 4149 Tiguriua
644 4056 833 4125 Pnonro
868 4054 1087 4124 occasus
1123 4050 1193 4139 (hs

81 4180 172 4270 Due)
205 4181 345 4252 Tatiani
379 4180 582 4258 Oratiormm
615 4204 695 4252 cum
728 4180 885 4249 versione
916 4177 1025 4247 lan'ua
1052 4173 1195 4242 inseruit
