2708 4666
61 204 185 259 ‘nvn
316 174 342 285 ,⁸
483 180 868 263 ranunculum

225 370 302 447 lam
324 370 448 465 pergit
469 371 521 445 ad
533 370 680 462 reliqua
697 370 851 463 erimina
866 366 1245 468 cmudnnsafflce,

116 499 331 589 dequibus
362 498 401 568 in
428 502 661 569 antecessum
689 498 867 569 observat
889 492 1024 567 mim
1044 515 1127 577 ‚non
1156 516 1244 571 esse

117 623 221 695 -lmec
245 630 374 695 contra
399 623 486 695 illos
503 622 684 716 proferri,
710 621 848 713 qnippe
864 640 977 711 quum
995 612 1242 727 Bptnagcrn‘e

124 746 356 837 aliorumque
377 750 547 837 exemplo
567 747 658 819 satis
674 753 854 838 appareat
870 764 1018 837 semper
1032 745 1163 847 virtuti
1178 747 1244 819 vi·

116 873 219 945 -tinm
243 893 326 944 esse
342 873 572 964 oppositum3
603 878 714 962 atquo
738 870 830 951 satis
847 869 920 941 ista
941 868 1136 973 confutata
1155 892 1241 944 esse

126 1018 176 1067 ex
203 996 496 1069 Christianorum
521 998 690 1069 doctrina
709 996 756 1067 de
780 995 852 1067 deo
874 1003 914 1067 et
930 1001 1086 1068 aeterna
1110 1016 1238 1069 mmu-

55 1184 59 1194 .
126 1121 320 1223 neratione
337 1120 385 1212 (c.
401 1123 479 1213 31).

223 1245 268 1316 ll
295 1244 1238 1342 QuodadOedipodeosconcubitnsattinet,

112 1371 354 1471 ,demonstrat
370 1371 601 1445 Christianos
619 1371 729 1443 liuius
751 1370 930 1465 criminis,
952 1373 1056 1461 quod
1069 1370 1235 1445 Gentiles

21 1498 25 1505 '
107 1495 173 1567 :de
194 1496 265 1567 diis
284 1499 361 1569 suis
379 1519 471 1570 vere
490 1497 727 1591 praedicent,
761 1495 860 1567 falso
879 1496 1069 1569 accusariz
1101 1496 1237 1591 qnippe

11 1644 14 1649 ·
120 1619 187 1710 'qui
202 1620 417 1707 liberiorem
433 1625 647 1715 adspectum
664 1622 887 1694 adulterium
901 1620 1049 1715 ducant,
1068 1620 1109 1693 in
1124 1642 1235 1695 onon·

116 1746 171 1817 ¹lis
185 1747 402 1838 ,cautionem
419 1748 621 1824 adhibeant
640 1749 688 1839 (c
703 1748 789 1841 32),
801 1810 804 1815 .
815 1765 922 1823 nsum
944 1745 1168 1825 marimum
1182 1746 1234 1819 li-

122 1871 300 1943 berorum
318 1852 579 1965 procreatione
601 1868 795 1964 deliniant,
826 1869 1079 1973 uirginitatem
1091 1878 1250 1965 perpe·‘

123 2000 225 2067 tuam
241 1995 375 2091 colent,
392 1999 573 2068 secundas
588 1995 734 2086 nuptias
746 1996 952 2086 speciosum
967 1978 1105 2069 vocent
1122 1998 1232 2069 adnl-

123 2121 256 2191 terium
272 2120 320 2212 (c.
335 2123 412 2214 33).
462 2121 591 2211 Inique
621 2119 715 2197 fieri,
728 2125 770 2191 ut
786 2121 947 2193 adulteri
969 2127 1009 2192 et
1032 2139 1233 2213 puerorum

122 2252 364 2335 corruptores
390 2248 429 2319 in
456 2246 643 2322 eunuchos
667 2252 708 2331 et
732 2246 848 2317 unicis
878 2244 1021 2337 nuptiis·
1040 2252 1233 2319 contentos

121 2367 363 2467 invehantur,
392 2380 565 2464 raptores
586 2379 624 2443 et
643 2369 800 2442 malefici
816 2369 854 2440 in
881 2368 1049 2442 homines
1069 2391 1146 2442 non
1168 2390 1233 2443 so-

124 2497 199 2566 lnm
213 2496 375 2567 institiae
387 2492 459 2567 'sed
477 2497 587 2567 etiam
605 2496 806 2586 patientiae
823 2498 985 2567 cultores
1004 2494 1051 2586 (e.
1070 2496 1150 2586 34).

225 2618 288 2689 Ill.
338 2619 502 2709 Denique
519 2619 751 2691 Christianos
780 2621 932 2712 exponit
955 2620 1232 2711 Thyestea·

54 2813 56 2817 .
123 2760 222 2811 rum
245 2761 497 2815 coenarum
522 2744 619 2816 salso
643 2747 820 2841 accusari.
869 2727 984 2839 Num,
1009 2744 1146 2839 inquit,
1172 2752 1231 2815 tn·

73 2842 77 2851 ’
122 2866 181 2937 les
204 2869 337 2958 epulae
360 2868 440 2939 sine
466 2869 660 2941 homicidio
685 2868 767 2940 lieri
794 2879 988 2961 nequeunt
1048 2872 1100 2941 At
1128 2891 1231 2942 nemo

111 3014 281 3084 nuquam
299 2994 438 3081 vidisse
456 3015 498 3066 se
520 2995 815 3067 dixit‘hominem
837 3016 860 3066 a
886 2994 1105 3067 Christianis
1132 2997 1232 3067 occi-

16 3170 43 3211 .·
121 3139 227 3209 sum·
271 3102 386 3191 Nulla
420 3121 598 3192 eiusmodi
628 3120 805 3192 facinoris
838 3127 896 3190 est
928 3121 1089 3212 suspicio
1126 3120 1165 3191 in
1187 3122 1234 3192 iis

118 3246 184 3333 ,qui
200 3266 246 3316 ne
266 3246 397 3316 iustam
418 3247 564 3336 quidem
589 3246 740 3319 caedem
765 3246 960 3336 adspicere
982 3247 1131 3340 volunt,
1164 3265 1234 3318 ne·

121 3367 208 3438 dnm
234 3371 481 3458 gladiatorum
506 3373 633 3466 ludos,
665 3372 728 3461 qui
756 3372 936 3442 abortivis
958 3370 1230 3443 medicamentis

83 3470 89 3479 ’
118 3490 175 3560 uti
191 3491 440 3589 homicidium,
471 3496 610 3567 liberos
628 3516 815 3587 exponere
841 3496 1077 3587 parricidium
1101 3496 1231 3566 existi·

120 3621 219 3685 mant
246 3616 297 3706 (c.
313 3619 395 3713 35),
422 3620 484 3709 qui
502 3620 664 3692 futuram
680 3630 906 3692 mortuorum
922 3620 1230 3692 resurrectionem

111 3750 355 3830 exspectant:
379 3766 474 3835 quae
494 3746 641 3836 quidem
663 3746 832 3818 doctrina
848 3766 965 3834 neque
986 3746 1145 3817 ridicula
1161 3766 1230 3816 ne-

33 3852 35 3856 *
121 3884 193 3954 que
209 3885 307 3953 nova
329 3851 462 3943 haberi
479 3872 609 3964 debet,
645 3892 754 3960 quum
772 3871 864 3962 ipsis
882 3870 1116 3961 philosophis
1135 3891 1230 3961 gen-

119 3988 245 4075 idibus
261 3988 374 4063 suerit
388 3997 565 4088 probata,
592 3996 639 4066 do
659 4016 777 4085 caque
792 3997 935 4087 plenius
962 4016 1003 4065 se
1029 3996 1231 4085 aliqnando

76 4156 79 4163 ·
119 4115 388 4210 disputaturum
410 4119 606 4212 pollicetur
628 4121 681 4211 (c.
697 4120 780 4210 33).
