2708 4666
282 213 545 278 SUPPLICATIO
567 217 646 319 erto
670 214 932 282 carismatis.
1095 217 1154 285 181

92 389 162 467 dos,
191 390 378 468 praesertim
401 391 429 450 si
452 408 470 450 a
493 390 584 451 vobis
607 390 736 468 dentur,
765 407 826 450 non
849 391 880 450 in
903 391 942 451 iis
966 392 1059 452 ducat
1076 409 1156 468 quae

92 516 170 559 mmo
194 501 297 560 studio
317 501 507 578 dignanturt
529 501 594 562 Nos
620 505 733 577 autem,
755 519 846 577 quom
868 500 1064 561 homicidium
1080 518 1157 580 spe·

92 626 140 668 ere
154 627 257 687 paene
278 611 359 670 idem
376 629 447 670 esse
461 612 649 670 arbitremur
666 628 702 670 ac
720 612 926 690 perpetrare,
948 612 1086 671 nuntium
1107 611 1157 671 his

92 721 241 780 ectacolis
272 721 455 780 remisimus.
499 720 631 780 Caedem
662 721 758 797 igitur
786 722 940 796 quomodo
970 702 1160 799 perpetrare

95 832 226 908 seimus,
249 831 301 906 qui
325 847 391 889 earn
415 847 453 891 ne
478 831 679 908 spectandam
705 832 827 907 quidem
852 833 1005 906 ducimus,
1026 847 1065 890 ne
1085 833 1159 909 pia·

92 941 156 1001 lum
191 943 223 998 et
251 941 354 998 scelos
377 941 467 998 nobis
492 941 719 1018 impingamnsi
749 941 790 1001 Et
818 944 869 1018 qui
909 943 1056 1003 mulieres
1083 940 1158 1000 illas

96 1067 134 1110 oe
160 1051 390 1108 medicamentis
415 1051 454 1109 ad
477 1051 617 1110 abortum
641 1055 767 1111 utuntur
781 1052 952 1111 homicidas
969 1068 1040 1110 esse
1055 1053 1088 1110 et
1103 1068 1160 1110 ra-

92 1176 170 1219 onem
187 1160 278 1218 huius
298 1160 427 1219 abortus
443 1162 502 1221 deo
524 1163 703 1222 redditores
721 1163 866 1238 dicimus,
888 1163 1041 1249 quomodo
1057 1161 1159 1220 homi-

92 1287 122 1329 ιιι
147 1270 386 1328 occideremus?
426 1271 494 1330 Non
522 1273 600 1330 enim
625 1273 762 1331 eiusdem
792 1276 841 1331 cst
871 1272 987 1331 loetum
1011 1273 1041 1330 in
1068 1274 1161 1331 utero

95 1380 168 1439 imal
194 1397 263 1438 esse
287 1385 318 1438 et
344 1382 414 1440 ideo
440 1382 499 1440 deo
525 1398 618 1440 curae
634 1398 705 1440 esse
728 1383 925 1459 existimare,
950 1386 982 1440 ct
998 1382 1112 1441 editum
1128 1381 1160 1440 in

92 1506 156 1549 cem
181 1490 339 1549 occidere:
363 1491 436 1549 item
459 1491 607 1549 insontem
628 1508 688 1551 uon
705 1509 882 1569 exponere,
906 1493 977 1568 quie
999 1491 1160 1551 infantici-

92 1617 116 1658 ιι
147 1604 219 1658 sunt
242 1601 291 1675 qni
317 1604 491 1676 exponunt,
524 1619 633 1660 rursus
655 1605 756 1660 autem
773 1603 939 1661 enutritum
961 1602 1158 1678 interlicere;

93 1710 112 1770 d
136 1727 262 1787 semper
284 1712 314 1768 in
331 1712 470 1770 omnibus
495 1713 586 1771 iidem
605 1717 636 1771 ot
652 1714 801 1788 aequales
817 1729 939 1789 sumus,
961 1713 1074 1772 rationi
1089 1729 1160 1771 ser-

92 1825 179 1881 entes
202 1837 301 1896 ueqoe
319 1822 348 1879 ei
364 1822 562 1898 imperantes.
799 1803 803 1807 ²

144 1933 197 1990 36.
229 1931 302 1999 Quis
332 1934 382 1989 est
413 1933 508 2007 igitur
532 1935 602 2012 qui,
633 1952 721 2008 quum
752 1925 1011 1994 resurrectionem
1041 1934 1161 2013 credat,

93 2043 284 2101 surrecturis
307 2042 492 2118 corporibus
516 2044 691 2119 sepulcrum
718 2061 753 2102 se
772 2046 871 2122 ipsum
894 2045 1070 2122 praebenti
1092 2043 1161 2103 Non

92 2153 140 2212 tim
164 2152 341 2210 corumdem
366 2155 469 2210 estet
491 2158 577 2212 certo
600 2156 708 2212 tenere
737 2171 870 2231 corpora
892 2158 998 2215 nostra
1015 2171 1162 2215 resurre-

92 2279 148 2322 ιιι
165 2267 198 2319 ιι
211 2263 278 2338 ipsa
296 2264 327 2320 ut
344 2279 403 2321 nou
423 2266 636 2322 resurrectura
657 2265 830 2340 comedere,
851 2283 888 2324 ac
904 2269 1020 2324 terram
1038 2266 1160 2342 quidem

92 2373 208 2448 mprios
225 2373 362 2430 mortuos
385 2373 575 2432 reddituram
597 2374 794 2454 existimare,
818 2392 896 2451 quos
918 2379 1020 2434 autem
1046 2378 1115 2452 quis
1131 2376 1161 2435 in

92 2500 97 2538 ι
127 2482 314 2558 sepeliverit
344 2499 399 2542 eos
425 2502 443 2542 a
467 2500 502 2541 se
524 2499 584 2541 non
599 2490 603 2507 ¹
620 2485 786 2564 repetitum
822 2486 871 2545 iri.
917 2485 1033 2546 Contra
1055 2487 1162 2561 itaque

91 2594 113 2654 ni
133 2611 193 2652 nec
221 2594 372 2651 rationem
397 2610 432 2653 se
453 2593 544 2652 huius
570 2595 654 2654 vitae
686 2613 742 2655 seu
775 2597 854 2654 bene
885 2613 942 2657 seu
972 2597 1165 2656 maleactae

92 2813 112 2865 sn
138 2813 204 2882 quon
232 2815 271 2883 τῷ
297 2816 366 2884 mm
392 2809 461 2882 noya
488 2815 595 2882 (ervom
630 2798 706 2864 nonu
722 2813 745 2865 1.
764 2814 790 2867 ι,
809 2816 878 2866 niun.
901 2812 960 2868 net.
977 2817 1041 2868 oon.
1064 2820 1090 2868 et
1105 2814 1165 2869 eom

92 2899 137 2968 pc)
167 2914 215 2966 pro
240 2902 279 2971 τῷ
308 2898 377 2972 λόγῳ
402 2903 483 2953 trebel.
526 2901 595 2952 illum
631 2900 751 2964 (excepto
772 2901 932 2965 blaraniano)
950 2903 1060 2953 otieront
1077 2898 1164 2968 αὐτῷ.

92 2986 196 3040 ctionem
218 2989 288 3039 lion.
314 3003 413 3056 qnoque
436 2987 543 3039 indicat:
569 2988 595 3040 d.
631 2985 728 3036 Auctor
754 2999 803 3035 non
834 2986 954 3038 retlexine
980 2987 1109 3054 loquitur3
1133 2989 1164 3038 ci.

106 3077 130 3127 ι.
152 3073 201 3125 και
225 3070 277 3128 οὐκ
303 3092 384 3140 optet·
408 3091 495 3126 αυιου
522 3075 596 3139 (sic).
633 3087 654 3122 c.
671 3071 696 3122 2.
715 3087 739 3121 ιι.
758 3070 782 3121 9.

92 3160 127 3213 dc
144 3159 256 3213 rabodi,
271 3163 295 3214 1.
312 3162 337 3213 2.
357 3161 423 3213 clar.
437 3163 495 3213 det.
515 3164 596 3210 ortum
700 3157 725 3208 3.
747 3153 922 3210 Τούναιιιον
946 3153 996 3224 μιν
1020 3147 1073 3210 οὖν
1095 3157 1169 3227 net}

92 3251 107 3299 d
133 3247 158 3301 δ.
180 3267 204 3299 τ.
230 3250 252 3298 ι.
277 3246 324 3299 καὶ
352 3241 403 3300 ουίι
431 3246 598 3310 κρατοῦντες
632 3244 688 3297 Hoc
714 3248 887 3310 argumentum
919 3244 1069 3295 christidoro
1091 3246 1167 3296 inbo-

92 3328 169 3389 r'roo‘.
205 3333 244 3387 Ci.
263 3333 299 3384 De
315 3348 366 3384 res.
385 3349 406 3385 c.
421 3332 462 3384 at.
481 3347 505 3398 p.
524 3330 597 3383 6713.
632 3330 729 3380 contine
751 3344 783 3380 ex
806 3329 931 3397 superiori
953 3327 1094 3398 dependet3
1114 3329 1167 3381 col-

134 3418 160 3471 1.
182 3411 228 3481 ἂν]
256 3419 334 3471 Deest
351 3419 424 3470 Bodl.
444 3419 467 3469 1.
486 3418 511 3469 2.
531 3418 598 3470 Con·
632 3416 688 3480 tigit
699 3431 731 3467 ιι
747 3414 952 3468 antecedentibus
968 3414 997 3466 ad
1010 3429 1168 3482 consequens

92 3510 116 3559 ιι
129 3506 341 3573 praepositionem
357 3501 401 3557 em
420 3520 474 3572 seq.
494 3503 543 3555 dal.
560 3506 599 3555 in·
633 3517 682 3572 per
705 3502 840 3553 antithesin
862 3503 887 3552 in
913 3500 1070 3552 adversarios
1094 3503 1168 3567 longe

92 3591 166 3646 dam
192 3592 283 3643 reterri
308 3591 336 3642 ad
355 3591 476 3642 rationem
497 3593 601 3658 (perso-
636 3589 809 3658 procliviorem
829 3602 886 3638 esse
902 3585 1029 3652 parricidii
1044 3588 1169 3655 sospicio-

92 3695 115 3732 ιι
134 3693 179 3731 ιιιι
200 3678 239 3729 ιιι
260 3678 375 3741 alicuius)
393 3677 423 3727 ad
442 3677 548 3744 aliquem
561 3674 602 3726 rel
636 3690 693 3726 nem
713 3690 784 3742 quam
799 3675 824 3725 in
849 3674 1015 3738 Christianos,
1043 3689 1118 3741 quum
1133 3674 1170 3726 illi

92 3763 216 3832 talionid:
236 3762 602 3832 qoodottr'netnd‚inBeznp
637 3765 695 3827 post
725 3765 830 3811 mortem
867 3761 929 3812 nillil
959 3759 1014 3812 mali
1050 3764 1172 3825 metuant,

92 3851 123 3922 ι(
135 3849 229 3917 (ι.22.
246 3848 341 3915 naa).
376 3847 448 3899 Bodl.
464 3848 487 3899 1.
502 3846 527 3897 2.
544 3847 601 3897 het.
638 3846 773 3899 Ctrriatiani
802 3849 951 3912 exspectent
979 3845 1019 3896 vel
1055 3849 1173 3899 aeternas

92 3937 173 3992 mod
199 3950 247 4004 pro
272 3932 380 3987 ἑαυτὸν.
425 3933 486 3999 Arg.
521 3929 602 3998 ιάφω
638 3947 731 3999 poenas
754 3932 793 3985 vel
812 3937 940 3984 aeternum
960 3931 1085 3997 panudium.

92 4021 241 4090 Ήᾶφον.
707 4019 730 4072 4.
756 4015 838 4086 μήτι]
869 4016 960 4070 Ριι.1
985 4019 1020 4085 (is
1044 4032 1105 4071 nero
1131 4032 1173 4068 se·
1239 4070 1243 4075 ,

135 4112 164 4166 2.
184 4104 282 4172 αὑτὸς]
309 4105 383 4161 Bodl.
403 4105 532 4160 lethot.
550 4102 602 4159 ud·
638 4104 717 4157 conda
741 4106 828 4171 manu)
849 4104 912 4170 Arg.
935 4102 1007 4157 Bodl.
1027 4103 1050 4156 1.
1069 4101 1091 4155 2.
1112 4101 1173 4155 an.

92 4201 134 4257 iv.
179 4197 231 4251 Pro
255 4189 351 4264 ariaci,
389 4193 454 4262 quod
482 4193 605 4260 seqnitur,
639 4188 685 4260 μή.
722 4182 754 4244 ln
764 4191 829 4246 [ιιι.
849 4195 875 4246 ιι
888 4191 957 4244 hlon.
975 4186 1044 4257 μήτι
1060 4187 1139 4241 deest.
