2708 4666
323 195 381 260 DE
402 195 738 260 RESURRECTIONE
758 195 1018 260 nonnuonobl.
1164 197 1229 266 253

118 371 246 432 manent
272 371 442 431 secundum
470 370 631 448 propriam
654 373 797 430 naturam
815 372 993 447 permanet:
1022 387 1123 449 neque
1146 375 1232 452 apud

118 481 252 557 eosqui
276 481 399 540 omuino
423 479 679 557 incorruptibiles
701 482 734 538 et
755 480 947 539 immortales
969 484 1041 540 sunt
1066 483 1230 559 quisquam

117 589 295 652 istiusmodi
318 592 567 668 permansionem
588 589 745 665 inveniat,
782 590 855 664 quia
878 593 1129 667 praestantiores
1152 594 1231 653 sub-

118 701 256 760 stantiae
272 700 476 760 interioribus
497 700 619 758 minime
634 699 867 775 adaequantur,
890 716 989 775 oeque
1008 700 1040 758 in
1054 700 1231 763 bominibus

118 810 296 885 aequabilis
332 810 389 868 illa
418 812 451 869 et
481 808 681 868 immutabilis
716 809 923 884 [permansio]
956 810 1136 884 quaerenda
1170 813 1231 893 est,

120 920 238 996 quippe
254 936 345 995 quum
369 919 418 978 illi
441 918 481 978 ab
497 918 586 977 initio
609 917 799 976 immortales
822 916 897 977 facti
914 920 975 977 siut
999 921 1031 978 et
1053 919 1122 978 sola
1138 936 1230 980 cren-

120 1031 201 1089 toris
224 1029 388 1089 voluntate
411 1029 567 1104 perpetuo
586 1029 809 1104 permaneant,
831 1025 973 1086 homines
994 1031 1096 1088 autern
1117 1047 1232 1091 secun·

119 1140 192 1200 dum
218 1139 348 1197 animam
369 1138 493 1213 quidem
509 1136 549 1195 ab
573 1139 643 1194 ortu
660 1135 881 1194 immutabilem
902 1138 1150 1213 permansionem
1173 1140 1234 1200 ba·

121 1249 235 1325 beant,
265 1253 299 1306 at
325 1248 494 1307 secundum
519 1262 634 1322 corpus
660 1261 701 1304 ex
729 1245 942 1311 immutatione
969 1249 1232 1325 incorruptionem

122 1361 348 1434 assequantur:
373 1358 404 1417 id
427 1359 508 1416 euim
531 1355 772 1415 resurrectionis
791 1355 873 1412 ratio
895 1356 956 1415 sibi
971 1357 1055 1432 vult3
1078 1359 1117 1418 ad
1141 1377 1232 1436 qnam

122 1463 349 1544 respicientes,
381 1469 413 1525 et
435 1466 579 1542 corporis
604 1464 861 1539 dissolutionem,
883 1467 917 1525 ut
936 1482 1017 1542 quae
1033 1466 1112 1528 banc
1135 1471 1232 1530 vitam
1335 1509 1341 1521 .

122 1578 260 1654 egestati
282 1578 315 1634 ct
338 1575 532 1651 corruptioni
559 1574 725 1634 obnoxiam
756 1577 981 1651 consequatur,
1005 1581 1233 1656 exspectamus,

122 1690 251 1764 etpost
273 1702 341 1745 eam
365 1702 528 1761 speramus
551 1684 762 1760 corruptionis
785 1688 948 1760 expertem
973 1688 1233 1769 permansionem,

122 1813 224 1871 neque
255 1796 417 1854 brutorum
441 1795 534 1853 morti
558 1797 696 1852 nostram
717 1796 848 1852 mortem
877 1795 1105 1873 adaequantes,
1131 1814 1233 1874 noque

121 1905 341 1965 immortalium
361 1904 571 1980 permansioni
589 1902 744 1962 bominum
764 1905 1029 1984 permansionem,
1052 1923 1090 1965 ne
1113 1907 1235 1984 impru-

122 2016 235 2075 dentes
267 2013 328 2073 hoe
359 2013 450 2072 modo
474 2012 629 2071 bominum
658 2015 799 2070 naturam
833 2016 865 2070 et
899 2013 993 2072 vitam
1023 2014 1234 2091 adaequemus

123 2124 311 2186 substantiis
336 2121 525 2198 disparibus.
570 2120 639 2178 Non
663 2121 760 2196 igitur
782 2120 841 2179 bac
862 2121 892 2179 in
915 2139 950 2181 re
970 2123 1102 2183 moleste
1125 2125 1235 2186 fercn-

123 2237 195 2294 dum
212 2236 278 2308 est,
306 2232 333 2290 si
363 2248 422 2306 qua
449 2232 658 2306 inaequalitas
694 2232 724 2289 in
750 2231 903 2289 bominum
929 2232 1152 2306 perduratione
1174 2253 1234 2314 ap-

122 2346 253 2425 pareat,
281 2358 338 2400 nec
360 2342 431 2416 quia
469 2341 589 2399 animae
617 2356 635 2397 e
667 2340 809 2415 corporis
837 2341 985 2399 membris
1015 2341 1169 2402 discessio
1198 2361 1236 2404 ac

122 2455 259 2535 partium
280 2451 447 2512 dissolutio
469 2448 644 2511 continuam
675 2448 771 2507 vitam
794 2449 1009 2528 interrumpit,
1032 2451 1149 2513 idcirco
1170 2453 1235 2514 'de-

195 2799 235 2852 13.
255 2792 298 2851 oi
310 2796 485 2857 reincourt]
501 2794 663 2847 Scholion
698 2789 802 2854 λύσεως
820 2790 855 2848 oui
880 2793 1100 2864 παραιτούμεθα
1117 2792 1168 2864 τήν
1182 2793 1236 2852 ord·
1297 2787 1300 2790 ⁴

125 2887 151 2939 in
179 2900 258 2950 marg.
279 2872 662 2948 Ρττ.1τῑῖτ”οτινάχρη
698 2877 749 2947 τὴν
773 2877 860 2946 λέγειν
885 2879 1133 2951 ἀναλαμβάνεσθαι
1151 2878 1236 2951 ζωήν,

126 2970 255 3022 ἀπιστεῖν
269 2962 322 3033 τήν
343 2965 399 3017 triv
412 2960 573 3028 ἀνθρώπων
594 2960 663 3018 ἀνά·
699 2961 766 3017 cudi
792 2962 841 3032 τήν
860 2962 988 3019 ἐπέκεινα
1006 2967 1056 3033 τῆς
1082 2963 1237 3029 διαλύσεως

125 3071 232 3118 στασιν,
250 3051 297 3104 acl
309 3044 364 3102 ἀπὸ
380 3048 436 3100 τῶν
455 3051 665 3116 προειρημένων
698 3046 772 3116 ζαῆν
792 3044 918 3102 ἀπιστεῖν
937 3046 997 3116 χρη,
1012 3044 1066 3102 κάν
1081 3048 1127 3104 lari
1144 3049 1236 3103 noodr

124 3139 173 3193 aui
195 3133 252 3191 ἀπδ
271 3136 322 3204 τῆς
344 3131 572 3202 detruncandam
590 3132 663 3188 ἀνω·
698 3133 885 3200 διακόπτηται
913 3135 1013 3203 [Part
1039 3132 1234 3206 dementatur]

125 3226 227 3292 μαλδαρ
244 3225 279 3293 τῇ
294 3219 402 3274 τούτων
417 3217 481 3287 ζωῇ·
519 3218 594 3279 Ου’δδ
610 3216 663 3288 γάρ
697 3216 833 3291 θανάτῳ,
854 3213 945 3281 οὕτως
962 3214 1018 3273 aiud
1040 3221 1091 3273 τοῦ
1112 3238 1235 3290 πεποιη-

124 3308 222 3377 lucrer)
248 3307 387 3375 χωρισμὸς
412 3317 506 3382 ψυχῆς
531 3308 588 3364 ἀπὸ
609 3303 662 3361 oni-
696 3303 782 3367 πότος
815 3302 885 3358 τατά
918 3302 1030 3373 γνώμην
1061 3300 1236 3371 ἀνωμαλίαις

124 3414 214 3464 ματος
231 3392 282 3462 τήν
299 3399 397 3464 συνεχῆ
414 3395 561 3451 διακόπτει
580 3392 664 3462 ζωήν,
698 3392 770 3460 [l’er.
787 3387 993 3460 ἳάνωμαλίαν]
1013 3391 1235 3460 emendamini·

126 3479 255 3535 ἀπιστεῖν
277 3477 330 3548 χρή
354 3480 405 3548 την
430 3479 597 3537 ἀνάστασιν·
619 3474 663 3534 ὅτι
697 3494 757 3542 νην.
776 3503 810 3513 -
846 3477 905 3530 Aet.
935 3481 961 3528 et
986 3477 1100 3530 Nunnius
1126 3474 1237 3533 τούτων

123 3563 194 3634 μηδὲ
221 3561 354 3634 innutriri
380 3563 450 3620 notui
477 3569 664 3633 συναίσθησιν
698 3576 744 3631 pro
764 3555 862 3629 τούτῳ.
898 3561 959 3613 bion
976 3576 1023 3627 pra
1040 3561 1105 3628 sepi
1121 3562 1196 3632 (Par.
1212 3565 1237 3616 1.

124 3647 181 3719 ζαη
216 3647 400 3704 διακόπτεται
431 3653 580 3718 cupiosum
615 3650 663 3705 noi
697 3647 721 3698 2·
742 3649 806 3711 drg-
833 3644 914 3712 [clar.
934 3645 979 3713 ll]
1009 3646 1067 3699 det.
1087 3647 1137 3699 bis.
1158 3648 1236 3716 viil.)

123 3733 228 3797 δ’πνοις
241 3734 288 3787 nul
306 3731 413 3799 τρόπον
427 3737 492 3790 τινα
506 3734 591 3790 πάλιν
605 3735 662 3803 [de-
698 3730 793 3782 habent
812 3729 927 3781 editores
942 3734 1046 3797 praeter
1064 3730 1148 3784 Naun.
1171 3732 1236 3786 Duc.

125 3828 166 3876 est
194 3824 257 3874 baec
277 3814 330 3872 vron
358 3821 384 3872 in
402 3820 462 3874 Par.
481 3822 510 3891 2]
538 3818 663 3885 ἀναλαμ-
698 3816 764 3867 liar.
791 3810 835 3867 lai
861 3815 934 3880 (Par.
953 3814 979 3867 3.
1013 3816 1081 3868 clar.
1100 3817 1139 3883 2).
1175 3817 1237 3870 Ste-

124 3901 206 3976 dairas
222 3901 308 3973 ζωήν,
327 3900 379 3972 τήν
395 3901 486 3974 αάτὴν
503 3902 662 3975 copertori-
697 3901 797 3969 pbsuus
813 3896 857 3952 lui
875 3899 925 3967 τῆς
940 3918 963 3952 τ.
980 3900 1007 3952 ἅ·
1020 3901 1159 3968 διᾱμθνῆδ
1174 3916 1237 3954 00¹¹·

123 3994 201 4058 μτδα
232 3987 320 4057 λέγειν
346 3986 554 4060 ἀναλαμβάνειν
580 3982 675 4056 ζωήν(
697 3986 749 4036 suit
767 3983 901 4050 legendum
927 4000 993 4039 esse.
1028 3986 1171 4038 Discrimen
1187 4002 1237 4050 με·-

124 4077 214 4144 Eiuro
239 4064 291 4128 nair
320 4070 373 4141 τὴτ
398 4077 536 4130 τοσοῦτον
567 4076 663 4129 druna·
699 4069 756 4137 ρῶν
777 4073 803 4120 et
822 4069 932 4136 μορίαν
950 4085 972 4123 c.
991 4069 1017 4123 3.
1035 4085 1061 4123 n.
1079 4068 1113 4122 14
1130 4068 1235 4136 exponi·

123 4156 333 4231 πτομένηνάπδ
348 4159 478 4226 γτνέστατ
495 4156 570 4229 ζωήν
582 4155 662 4227 μέχρι
695 4159 749 4208 turn
771 4157 822 4208 est.
