2708 4666
530 945 934 1052 Epimclrunr.

624 1150 825 1162 β...-

179 1279 198 1319 1.
229 1276 264 1318 De
280 1275 362 1318 codiee
378 1274 550 1331 Neapolitano.
584 1277 607 1320 ἱ.
630 1275 666 1318 ite
686 1273 795 1318 editiore
814 1271 944 1317 Pauliana·
973 1271 995 1314 8.
1011 1266 1180 1313 mue.
1208 1264 1284 1312 ete·

179 1344 266 1388 dende.
294 1346 315 1389 6.
329 1344 365 1388 lte
379 1345 472 1390 dnebnr
486 1346 690 1391 Cleromortentr.
716 1346 738 1390 6.
754 1344 790 1387 ne
803 1338 1024 1399 Argentoratum,
1040 1342 1129 1382 eunus
1145 1337 1285 1383 Bonnam.

245 1485 284 1539 1⁰.
305 1484 502 1554 snpplicationir
518 1487 713 1555 Athenagoran
726 1488 810 1539 aratat
825 1480 974 1559 Neapoli
993 1480 1019 1533 in
1036 1477 1120 1546 Regia
1133 1476 1287 1531 Bibliotheca

178 1567 322 1623 Borbonica
340 1568 446 1623 codar
465 1584 511 1636 gr.
529 1570 564 1623 ll.
579 1574 611 1623 Δ.
629 1570 680 1637 13,
697 1570 789 1639 partina
808 1567 1013 1621 meurbranaceus
1032 1563 1126 1632 partim
1144 1564 1288 1615 chartaceus

177 1651 206 1715 ln
228 1651 282 1718 iol,
307 1653 402 1706 saeculi
428 1654 487 1722 xl,
508 1655 627 1708 totiorun
651 1654 702 1722 23,
731 1654 773 1707 cui
789 1645 885 1705 'titulus
909 1649 1075 1722 praefipilur:
1101 1641 1289 1715 Ἀθηναγόραν

179 1731 324 1804 oldproioo
339 1735 503 1807 φιλοσόφου
519 1741 682 1807 zozovensi
700 1738 833 1808 πρεσβεία
855 1735 917 1803 nepl
934 1734 1113 1803 zpourrnarrir.
1150 1731 1201 1784 ute
1215 1728 1290 1782 codex

179 1820 317 1874 coneordat
336 1837 392 1875 eum
410 1825 566 1878 sirletiano:
585 1827 611 1878 tn
626 1838 677 1893 qno
695 1821 802 1891 perinde
820 1836 850 1874 ae
868 1821 894 1873 in
912 1818 1078 1887 Neapolitano
1098 1816 1138 1869 bia
1156 1814 1290 1868 occurrent

180 1905 257 1958 rerba
279 1904 567 1975 δοκιμάζωσιν.
593 1904 670 1964 ἐπεὶ
691 1903 729 1961 δὲ
758 1905 819 1975 [alc]
844 1905 872 1959 ol
889 1903 988 1959 πολλοὶ
1007 1903 1065 1955 coia
1082 1893 1290 1954 ἐπικαλούντων

180 1979 249 2053 ἡμῖν
266 1993 322 2044 ert.
342 1992 381 2046 cl.
400 2009 424 2047 c.
441 1992 466 2048 7.
483 2011 510 2048 n.
528 1995 546 2048 a
564 2010 578 2047 a
594 1984 796 2057 machaerum
822 1984 1221 2052 eoll.c.1il.n.1(c.12n
1236 1980 1290 2051 tt).

180 2069 226 2123 lila
256 2077 332 2128 verba
356 2093 432 2146 quun
455 2095 477 2131 c.
502 2079 517 2132 7
546 2079 628 2132 alieno
653 2090 761 2146 prorsus
787 2077 887 2128 iaceant
903 2072 978 2138 loco,
1004 2072 1092 2123 nescio
1111 2071 1185 2138 quir,
1203 2069 1291 2124 eristi·

179 2168 251 2208 mans
269 2158 391 2214 hocloco
414 2163 547 2232 sequentia
566 2178 622 2215 curn
640 2159 851 2230 prrocodentibur
875 2170 925 2211 non
943 2161 1002 2226 apte
1019 2155 1179 2223 eolraerere,
1196 2153 1290 2208 adscri-

180 2241 263 2307 pserit
278 2243 304 2294 in
322 2247 435 2313 margine
453 2247 552 2300 lairere.

248 2323 285 2379 2⁰.
303 2327 401 2397 Nuper,
420 2348 507 2385 mense
524 2332 629 2385 Octobri
647 2345 670 2383 a.
689 2324 766 2393 1356,
788 2325 896 2395 prodiit:
916 2318 1201 2393 „usflnamt‘or
1214 2319 1291 2392 ’Adp-

179 2409 264 2463 var'oo
279 2413 443 2483 φιλοσόφου
462 2418 633 2482 Xprurrnooo‘
651 2411 784 2482 πρεσβεία
797 2409 861 2477 περὶ
880 2410 1055 2476 Χριστιανῶν
1064 2404 1290 2477 Adronpciroporr

181 2493 292 2566 Μάρκῳ
315 2496 441 2570 Αύρηλίῳ
467 2500 616 2571 Ἀντωνίνῳ
636 2499 684 2552 nol
706 2497 816 2568 Λουκίῳ
835 2490 962 2566 Αύρηλίφ
981 2494 1125 2565 Κομμόδῳ
1144 2494 1177 2563 [,]
1195 2493 1290 2563 'Appen-

180 2582 289 2640 νιακοῒς
307 2581 371 2648 [oie‚
391 2598 437 2650 pro
454 2581 666 2651 ’Apprvaenoteh
686 2583 897 2647 Σαρματικοῖς,
916 2577 948 2632 τὸ
970 2576 1000 2633 δὲ
1018 2578 1150 2647 μέγιστον
1176 2578 1291 2646 φιλοσό-

180 2679 256 2727 porr·
292 2665 558 2722 ATHENAGORAE
578 2669 744 2722 Atheniensis
762 2665 904 2735 philosophi
922 2664 1059 2717 Christiani
1080 2665 1233 2733 supplicatio
1248 2679 1291 2734 pro

181 2751 333 2804 Christianis
357 2752 556 2819 imperatoribus
580 2755 615 2806 li.
639 2752 745 2807 Aurelio
771 2750 901 2803 Antonino
924 2755 950 2801 et
975 2750 1004 2802 L.
1024 2749 1132 2803 Aurelio
1147 2750 1292 2816 Commodo,

180 2834 341 2888 Armeniauis
358 2837 392 2906 [,]
412 2837 579 2904 Sarmaticis,
598 2845 624 2892 et
643 2838 709 2907 quod
728 2837 860 2889 marimum
880 2838 937 2899 est,
961 2833 1129 2901 philosophis.
1162 2836 1293 2888 Accedunt

179 2916 269 2972 Latina
288 2921 389 2986 versio,
415 2923 615 2991 emendationes,
634 2924 761 2975 variantes
777 2920 900 2973 lectiones
918 2923 993 2986 atque
1013 2920 1201 2973 annotationes.
1227 2922 1292 2974 Cura

181 3006 207 3054 et
224 3004 307 3056 studio
326 3004 371 3058 Dr.
395 3007 534 3076 Ludwig
560 3006 651 3062 Paul.
688 3007 776 3068 Halis,
796 3004 825 3058 c.
842 3004 873 3056 B.
895 3004 930 3055 ll.
952 3005 1053 3056 Plelicr.
1076 3002 1174 3055 1856.“
1197 3004 1235 3056 8⁰.
1250 3018 1290 3073 pp.

180 3086 240 3139 Vlll
256 3093 281 3139 et
295 3089 352 3141 119.
374 3118 408 3129 -
441 3093 489 3144 Hic
505 3091 703 3160 supplicationis
722 3090 917 3154 Athenagorcao
939 3089 1038 3152 editor,
1057 3087 1207 3141 candidatus
1221 3090 1292 3142 tiseo-

179 3170 262 3236 logtae
299 3174 479 3239 vinariensis,
511 3180 583 3228 novis
611 3174 724 3228 codicum
749 3177 871 3225 nostorum
900 3175 1000 3226 auxiliis
1026 3188 1077 3226 non
1098 3188 1160 3224 usur
1187 3178 1244 3241 est3
1263 3172 1292 3226 ad

179 3269 267 3308 manus
287 3262 385 3310 tanturn
414 3261 500 3313 habuit
530 3261 654 3313 editiones
683 3258 809 3310 [lechairii
842 3261 867 3309 ct
890 3257 1030 3325 Lindneri,
1049 3274 1080 3309 er
1099 3257 1193 3325 quibus
1211 3259 1292 3310 curai-

179 3353 212 3390 no
235 3343 344 3409 pendet:
364 3359 470 3411 prorsus
495 3347 621 3412 incognita
641 3345 665 3397 el
683 3345 730 3396 tuit
750 3343 848 3394 diarani
870 3341 966 3406 editio,
986 3356 1049 3410 quae
1067 3341 1226 3409 praestantii
1239 3340 1292 3394 illas

179 3421 254 3488 longe
272 3434 386 3493 superat.
407 3430 568 3498 Quapropter
581 3445 632 3482 non
647 3431 731 3482 eliecit
745 3432 773 3479 ut
788 3427 943 3495 Supplicaiio
963 3426 1061 3492 legatur
1076 3425 1172 3476 rectior
1192 3425 1294 3478 melius·

180 3523 228 3573 que
255 3512 416 3577 intelligatur.
461 3514 596 3566 Lectiones
619 3515 732 3566 codicum
761 3513 807 3578 (ex
835 3512 1000 3564 Declrairiana
1030 3507 1157 3574 editione)
1178 3512 1294 3563 nonnisi

179 3596 292 3658 potiores
311 3600 442 3663 apposnit;
462 3599 554 3648 multos
580 3599 665 3665 locos,
685 3599 833 3667 praesertim
855 3595 1026 3661 theologicos,
1045 3594 1155 3644 intactos
1175 3595 1293 3663 reliquil3

179 3679 307 3728 sectiones
333 3680 438 3748 (capita)
466 3683 662 3750 Deelrairianas‚
687 3689 716 3736 ut
740 3682 903 3744 Lindnerus,
924 3679 1043 3737 retinuii3
1073 3678 1219 3730 tersionem
1238 3680 1293 3732 lati-

179 3775 236 3811 nam
263 3761 631 3831 (Gesnero-)lleehairianann
657 3769 742 3821 multis
768 3769 793 3819 in
812 3767 873 3818 locis
893 3768 1011 3815 mutatam
1031 3761 1144 3829 repetiit.
1183 3763 1246 3828 Sed,
1267 3771 1296 3819 ut

180 3859 233 3895 rein
252 3847 362 3896 omnium
381 3850 550 3910 grauissimam
575 3853 695 3919 alienam,
716 3853 791 3905 editio
811 3850 929 3902 Pauliana
950 3854 999 3899 tarn
1019 3847 1104 3898 multis
1125 3852 1208 3900 scatet
1224 3866 1294 3902 nuen-

179 3928 217 3979 dis
244 3929 432 3995 typographicis
458 3937 484 3982 ut
509 3936 548 3985 rix
575 3951 602 3987 ae
622 3953 653 3989 ne
673 3938 714 3988 vit
734 3935 834 4003 quidern
861 3935 916 3985 usui
936 3948 993 3985 esse
1013 3932 1103 4000 possit.
1139 3931 1210 3984 ldem
1230 3933 1295 3984 iudi-

180 4016 268 4062 earuni
288 4026 408 4064 censores
428 4014 500 4065 liuius
520 4016 637 4070 editionis
656 4022 681 4073 in
702 4020 834 4074 Scireineri
854 4018 1020 4084 „zeitsclnili
1039 4018 1081 4068 ldr
1094 4016 1134 4068 die
1156 4021 1295 4084 gesamnrte
