2708 4666
340 197 396 264 BR
407 191 743 265 RESURRECTIONE
764 198 1023 266 noeriorum.
1161 201 1226 266 255

117 373 279 454 speranda
298 375 350 435 est
376 376 579 438 resurrectio.
622 373 732 451 Neque
754 374 836 436 enim
858 375 930 452 qnia
952 375 1127 437 solutiones
1153 388 1230 436 sen·

116 500 207 546 suum
229 488 264 545 et
285 484 472 545 naturalium
503 483 704 562 facultatum,
748 499 829 560 quae
857 485 1045 545 naturaliter
1064 485 1096 544 in
1121 501 1230 547 somno
1300 475 1304 478 Δ
1338 522 1341 528 f

117 596 212 672 dunt,
234 593 330 656 vitam
347 595 379 654 iu
393 593 539 653 sensibus
561 593 698 671 positam
717 593 946 671 interrumpere
967 595 1132 673 videntur,
1152 597 1231 656 dor·

117 704 286 766 mieutibus
302 707 390 765 certo
411 703 562 781 temporis
581 702 752 763 intervallo
766 702 941 763 bominibus
958 706 992 763 ct
1017 721 1128 766 rursus
1149 721 1231 782 quo·

118 807 283 874 dammodo
306 811 587 891 reviviscentibus,
620 812 738 871 idcirco
768 812 907 873 eamdem
930 813 1037 874 dicere
1059 814 1155 875 vitam
1178 831 1231 876 re-

118 919 254 1002 fugimus
261 942 269 999 ;
291 940 382 999 quam
411 922 452 982 ob
476 935 618 998 causam,
650 920 778 997 opinor,
799 921 942 981 nonnulli
963 921 1096 983 fratrem
1120 923 1250 984 mortis·

119 1033 229 1094 dicunt
243 1049 392 1110 somnum,
414 1047 476 1091 uon
493 1031 577 1107 quod
596 1046 637 1089 ex
652 1030 763 1089 iisdem
782 1031 914 1108 proavis
929 1033 962 1090 et
977 1032 1121 1109 patribus
1137 1032 1231 1109 geul-

117 1147 170 1204 tos
185 1142 320 1220 flugaut,
343 1141 401 1201 sed
424 1141 507 1218 quod
524 1138 637 1199 similia
652 1139 813 1215 patiantur
830 1140 882 1216 qui
905 1141 1019 1201 mortui
1033 1142 1105 1201 sunt
1128 1141 1230 1217 etqui

119 1253 296 1327 dormiunt,
318 1252 465 1328 quantum
488 1249 612 1326 quidem
629 1249 743 1308 attinet
758 1250 798 1309 ad
814 1250 950 1326 quietem
966 1253 999 1310 et
1015 1266 1123 1312 eorum
1146 1249 1231 1311 obli·
1274 1252 1277 1261 ’

120 1362 243 1424 sionem
259 1339 470 1436 quaeadsuut
485 1373 628 1435 quaeque
648 1357 742 1439 liunt,
764 1358 817 1418 vel
832 1359 939 1436 potius
960 1359 1009 1419 sui
1027 1377 1064 1420 ao
1079 1360 1231 1437 propriae

120 1472 215 1531 vitae.
260 1469 296 1529 Si
318 1469 415 1545 igitur
438 1468 595 1528 bominum
616 1467 729 1544 vitam,
760 1483 840 1544 qnae
862 1470 949 1528 unta
974 1468 1015 1528 ab
1037 1471 1109 1529 ortu
1131 1482 1232 1544 nsque

120 1581 160 1642 ad
178 1579 416 1640 dissolutionem
433 1576 556 1637 retorta
571 1579 620 1636 est
636 1578 861 1653 inaequalitate
877 1577 979 1652 iisque
994 1578 1137 1638 omnibus
1151 1592 1232 1654 quae

120 1694 213 1751 antea
243 1689 379 1750 diximus
410 1688 663 1764 interrumpitur,
701 1687 841 1746 eamdem
866 1688 968 1746 umen
1000 1686 1105 1747 dicere
1135 1688 1231 1747 vitam

120 1816 182 1860 uon
203 1798 392 1876 relegimus:
422 1813 524 1871 neque
548 1796 750 1856 dissolutioni
772 1793 989 1856 succedentem
1010 1797 1123 1873 vitam,
1151 1813 1232 1873 quae

120 1926 227 1971 mcum
250 1909 425 1969 adiunctam
454 1906 552 1965 babet
574 1906 855 1974 resurrectionem,
879 1907 1052 1983 desperare
1071 1905 1233 1983 debemus,

120 2018 263 2097 quamvis
298 2016 489 2093 aliquamdiu
523 2016 670 2092 digressu
708 2015 829 2074 animae
856 2030 874 2074 e
897 2030 1031 2091 corpore
1061 2014 1232 2075 interrum-

121 2130 225 2207 patur.

208 2239 258 2297 17.
283 2236 357 2314 lpsa
379 2237 460 2297 euim
480 2235 636 2296 hominum
662 2234 792 2310 natura,
822 2231 995 2309 antiquitus
1021 2236 1054 2295 et
1074 2250 1115 2294 ex
1139 2251 1234 2297 crea·

120 2348 201 2409 toris
225 2344 389 2406 voluntate
413 2344 669 2421 inaequalitatem
694 2343 827 2420 sortita,
854 2343 1051 2420 inaequalem
1070 2343 1167 2405 babet
1180 2345 1234 2405 vi·

120 2460 185 2517 tam
210 2457 243 2517 et
264 2456 531 2533 permansionem,
565 2468 646 2513 nuuc
668 2467 777 2512 somno
808 2468 889 2513 nunc
923 2455 1024 2513 morte
1054 2457 1088 2514 et
1117 2454 1234 2516 aetatis

120 2566 271 2641 cuiusque
297 2564 558 2625 immutationibus
575 2563 800 2640 interruptam,
817 2579 879 2623 non
901 2565 1013 2641 aperte
1034 2565 1234 2626 exstantibus

122 2677 162 2736 iis
178 2691 259 2752 quae
280 2674 440 2753 prioribus
456 2671 692 2751 superveniunt.
715 2671 780 2732 Aut
794 2673 865 2749 quis
887 2674 1075 2748 crediderit,
1096 2674 1158 2735 nisi
1173 2692 1234 2736 ex·

121 2779 279 2863 perientiui
301 2783 433 2845 edoctus
456 2783 514 2855 sit,
543 2782 574 2841 iu
597 2781 716 2843 semiue
738 2798 780 2842 ex
804 2783 958 2845 similibus
983 2783 1128 2862 partibus
1154 2799 1233 2845 cou-

122 3133 173 3186 noli
200 3131 376 3200 imprudenter
401 3131 552 3187 concludere
578 3133 661 3186 Albe·
695 3131 721 3182 ln
740 3144 820 3197 marg.
842 3129 901 3184 Par.
917 3129 972 3182 let
984 3128 1020 3185 2:
1039 3122 1104 3183 ”oss
1118 3127 1168 3184 sol
1184 3124 1235 3184 ἅττ’

122 3230 243 3285 angerem
274 3217 508 3285 papnunmgtna
539 3218 579 3271 ecl
610 3216 661 3270 talc
696 3210 785 3282 αὸτῆς
824 3215 875 3284 τῆς
906 3215 1005 3283 πείρας
1037 3214 1253 3285 διδασκόμεθα.

122 3301 183 3372 quid
207 3302 322 3368 (latinu.
349 3301 395 3355 0r.
412 3302 443 3355 ad
471 3302 661 3355 Gr.c.13.n.
696 3295 734 3368 μή
764 3295 893 3354 sarorio
924 3297 976 3370 τὴτ
1000 3295 1170 3357 ἀνάστασιν·
1205 3299 1235 3359 ts
1292 3344 1295 3349 -

122 3387 152 3454 1)
171 3385 299 3440 donnino.
334 3388 364 3441 c.
385 3386 433 3440 le:
454 3387 588 3455 „Corpus,
613 3401 661 3455 po·
697 3379 925 3454 ὁμοτομτρεῖγάρ
939 3385 988 3440 sal
1003 3382 1242 3462 danutcosfflslr!

122 3475 252 3541 steaqnam
265 3473 346 3526 anima
362 3471 393 3524 ab
408 3487 439 3526 eo
454 3473 581 3540 discessit,
600 3474 663 3527 ulbll
697 3472 729 3524 ci.
746 3487 772 3524 n.
789 3470 818 3535 3]
853 3469 990 3539 σπέρματι
1008 3468 1152 3540 τοσαύτην
1166 3492 1235 3529 τοι·

122 3557 172 3610 lan
187 3573 220 3610 ex
233 3557 341 3629 pristina
357 3561 444 3611 servat
455 3561 543 3610 natura
557 3559 596 3612 rel
608 3559 662 3612 lor·
697 3557 789 3609 satias
804 3556 897 3622 μερῶν
914 3554 962 3610 acl
976 3557 1069 3624 patria
1084 3550 1236 3614 ἆποττλον·

123 3657 179 3708 uua,
201 3640 294 3697 nedum
320 3643 467 3696 memoriam
491 3658 576 3696 rerum
594 3648 662 3696 aeta-
696 3634 824 3709 μὲτητ
810 3641 930 3707 ορῶττες
959 3639 999 3710 μή
1032 3639 1173 3710 πρότεροι
1205 3640 1235 3699 t·

124 3729 210 3781 ram-‘⁸
696 3723 872 3794 γνωσμὲητ,
890 3724 939 3780 sol
958 3722 1043 3782 πάλιν
1060 3723 1091 3782 ts
1107 3731 1169 3792 coir
1182 3748 1236 3799 τη·

190 3811 233 3865 el.
253 3810 405 3881 γέμουσαν]
436 3812 495 3866 Aac.
514 3827 676 3880 repensor.
697 3811 775 3873 πίοις
796 3830 812 3878 η
799 3804 921 3878 ’μηδὲν
939 3812 996 3865 τῶν
1013 3810 1088 3866 sorel
1113 3818 1237 3881 caputo-

189 3895 234 3950 22
254 3891 319 3966 ἥτις
337 3894 436 3967 ἑαυτῇ]
462 3897 529 3950 clar.
543 3897 561 3951 2
580 3896 610 3951 εἴ
620 3915 664 3959 τις
696 3893 750 3966 seis
768 3893 940 3966 repositoriola
958 3894 1235 3967 incomptam·

123 3978 207 4053 αὐτῇ.
697 3979 938 4053 ταλαμβᾶνοττες,
964 3981 1029 4039 clos
1053 3983 1166 4053 γενείων
1188 3984 1237 4038 sul

191 4068 217 4121 1
235 4059 368 4132 cosroes]
388 4061 634 4134 0111.ἳὸστὲρωτ.
696 4069 754 4121 τῶν
771 4067 926 4133 τοιούτων,
949 4061 1169 4138 immanentem
1184 4064 1237 4136 μὶν

191 4143 270 4207 2¹11
287 4152 329 4216 ste
347 4144 384 4208 is
400 4155 472 4218 aab]
492 4153 578 4208 Sabo
589 4152 661 4206 llon
696 4149 831 4223 ἅμτδρός
844 4151 874 4211 el
887 4149 974 4211 sal
951 4173 989 4218 cr
1000 4150 1050 4208 deci
1066 4169 1144 4215 aaron
1156 4167 1235 4208 στω·
