2708 4666
320 193 585 273 sirmeum
607 197 686 264 eno
702 168 972 269 'cenrsrnvre
1146 195 1207 267 aar
1320 182 1322 184 ’

100 368 209 437 hebet.
253 365 320 433 arn
342 367 440 449 enim,
461 367 556 429 liberi
574 368 696 430 seilicet
715 368 832 444 quales
854 385 873 429 a
894 369 956 432 dee
977 368 1054 433 noli
1075 369 1211 448 inerant,

100 479 130 541 ln
151 476 204 538 hia
230 480 472 554 permanserunt
499 494 630 553 quornm
658 493 753 539 cenea
777 493 834 539 aee
857 483 1024 541 creaverat
1045 482 1079 541 et
1098 479 1210 558 diepo-

100 588 210 656 enerat
229 587 325 664 (lene,
346 582 402 646 alii
425 602 503 647 vere
525 586 699 646 insolenter
718 601 753 646 se
776 590 945 661 gesserunt
966 591 1000 647 et
1018 587 1060 648 ob
1077 592 1210 652 naturae

100 712 177 758 anae
197 695 408 758 conditionem
428 698 462 755 et
488 711 597 756 munna
618 694 679 754 eibi
700 695 915 772 commissum,
943 696 1066 758 scilieet
1095 699 1128 758 et
1149 698 1210 760 ieie

99 805 253 867 materiae
279 805 411 880 ainaqne
437 805 613 882 specierum
641 798 790 880 princepe
826 806 860 864 et
887 805 944 865 alii
967 806 1051 867 eirea
1078 806 1210 883 primum

100 911 161 974 hee
193 913 417 973 firmamentum
451 914 628 990 constituti,
664 908 771 990 (eritis
803 916 906 973 antem
941 914 1021 975 nihil
1050 930 1108 975 nee
1141 917 1210 976 eine

100 1022 236 1082 testibus
260 1020 383 1098 dicere,
414 1022 472 1082 eerl
497 1038 578 1098 qnae
599 1040 618 1082 a
640 1021 807 1100 prophetia
838 1022 1022 1099 praedicata
1052 1025 1126 1083 eunt
1149 1039 1209 1082 ex·

100 1110 237 1208 perere)
262 1129 316 1188 isti
342 1130 466 1206 quidem
487 1130 519 1190 in
541 1127 694 1206 virginum
723 1130 927 1206 cupiditatem
952 1131 1036 1208 lapsi
1059 1135 1093 1193 et
1107 1132 1211 1192 earnis

100 1254 209 1300 amere
228 1239 389 1317 superati,
420 1237 473 1297 hie
498 1254 576 1298 vere
598 1239 631 1298 in
654 1255 760 1298 rerum
783 1237 845 1298 eibi
862 1239 1095 1301 commissarum
1110 1239 1211 1299 admi-

100 1347 289 1407 nistratione
318 1346 482 1423 negligens
513 1348 545 1404 et
567 1346 737 1423 improbus.
781 1345 831 1404 Ex
854 1347 905 1406 hie
930 1348 1026 1422 igitur
1056 1349 1211 1424 virginum
1334 1351 1342 1364 '

101 1455 294 1516 amatoribus
328 1455 427 1530 geniti
453 1456 525 1514 sunt
555 1454 607 1529 qni
637 1455 789 1513 vorentur
821 1455 979 1531 gigantes.
1021 1454 1053 1515 Si
1084 1472 1145 1532 qna
1170 1473 1212 1516 ex

100 1567 193 1643 parte
221 1563 318 1624 loenti
342 1565 414 1621 sunt
436 1563 476 1622 (le
496 1561 676 1639 gigantibus
703 1562 797 1621 etiam
823 1566 956 1641 poetae,
981 1580 1021 1623 ne
1050 1564 1212 1643 miremini,

101 1690 195 1751 quum
221 1671 328 1733 divina
350 1670 506 1747 sapientia
532 1673 650 1729 tentum
671 1685 691 1729 a
712 1671 866 1730 mundana
890 1673 1038 1748 qnantum
1060 1688 1212 1734 verume

101 1779 264 1861 probabili
287 1779 400 1857 distet,
421 1780 516 1853 atque
537 1776 617 1838 haee
640 1778 764 1854 quidem
788 1778 937 1841 eoelestia
961 1781 1020 1858 eit,
1050 1781 1111 1841 ista
1132 1796 1212 1842 vere

101 1895 247 1964 terrena3
271 1903 382 1965 nempe
405 1887 574 1947 seeundum
595 1887 745 1947 materiae
768 1887 942 1966 prinoipem

166 1996 295 2062 δαίονται
306 1989 405 2079 jalen
426 1992 516 2077 loqui
536 1991 637 2057 mulla
657 1992 741 2058 verie
762 1993 893 2058 aimilir.

189 2109 241 2167 25.
264 2105 303 2164 lli
319 2104 415 2182 igitur
436 2104 541 2180 angeli
570 2104 609 2164 (le
623 2104 721 2164 eoelie
742 2104 843 2181 lapsi,
865 2103 917 2179 qni
939 2104 1023 2164 eirea
1048 2121 1154 2168 aerem
1181 2110 1214 2168 et

100 2221 221 2279 terram
245 2216 413 2274 vereantur
440 2230 498 2274 nee
520 2213 580 2272 iam
604 2228 701 2290 snpra
731 2213 839 2273 coelos
861 2209 953 2272 evehi
979 2218 1128 2293 pessunt,
1149 2216 1214 2278 tum

100 2431 167 2503 uagi
186 2428 221 2486 το“
237 2450 285 2499 ιο.
302 2449 327 2484 τ.
347 2425 490 2496 στερέωμα
514 2427 568 2481 eeil.
594 2425 643 2480 ὅτ·
678 2427 734 2480 vina
758 2427 881 2496 sapientia
899 2428 995 2481 laetum
1013 2428 1092 2484 ‹lietet
1107 2446 1122 2484 e
1139 2446 1214 2486 mnn-
1279 2395 1287 2436 Ἀ

102 2535 177 2580 τον,
207 2515 234 2568 in
253 2516 311 2568 Per.
331 2513 346 2567 1
366 2512 445 2565 abest.
481 2510 555 2565 Beer.
574 2511 598 2564 1.
616 2510 642 2564 2.
677 2509 751 2575 lane,
768 2512 853 2563 lamen
870 2509 953 2577 aliqua
971 2526 1003 2564 ex
1020 2517 1092 2582 parte
1110 2514 1150 2582 (n.
1166 2514 1215 2583 26)

102 2601 165 2657 Aet.
183 2598 249 2653 emi.
283 2597 335 2651 Pte
354 2593 552 2664 tenerrimae
571 2596 642 2650 blan
678 2591 809 2648 historiam
827 2593 956 2659 gigantum
974 2595 1156 2666 prodiderunt,
1173 2600 1215 2653 in.

103 2677 309 2753 Ιμιφὸνηται.
678 2678 749 2731 eitrli
775 2675 873 2730 seilicet
897 2691 911 2728 a
934 2676 1041 2733 diabole.
1077 2680 1147 2735 ldem
1169 2682 1216 2736 lv·
1333 2695 1340 2703 ’·

171 2767 217 2821 25.
241 2761 272 2819 le
289 2761 403 2832 μέρους]
431 2763 470 2815 cl.
489 2779 510 2816 e
529 2762 554 2814 7.
574 2778 600 2816 n.
620 2760 643 2815 6.
656 2762 761 2814 wetinus
779 2761 856 2813 llari.
874 2759 951 2830 Apol.
968 2763 988 2815 l
1006 2779 1030 2817 ο.
1047 2765 1084 2818 51
1105 2764 1137 2818 ie
1155 2765 1216 2823 alre.

104 2879 137 2892 -
157 2848 249 2903 Paullo
271 2851 330 2901 ante
351 2845 424 2901 liodl.
444 2846 468 2896 1.
485 2844 502 2898 2
519 2845 645 2913 γίγαντος
679 2845 795 2898 menthae
819 2846 1008 2913 pronuntiarim
1033 2847 1092 2902 vell.
1116 2849 1215 2904 Tuber.

104 2929 310 3005 ὴτηήθησαν,
329 2931 418 2985 ordine
437 2934 541 2982 mutate.
681 2931 751 3003 Orat
772 2927 803 2981 ed
823 2927 870 2979 Gr.
888 2942 917 2980 a.
934 2927 969 2981 10
993 2933 1020 2982 et
1044 2929 1216 2986 Tertullianus

173 3015 218 3071 26.
242 3015 290 3070 uni
308 3015 485 3082 θεολογιιιῆς]
513 3016 551 3068 lta
570 3011 644 3065 Bell.
679 3011 755 3080 Apol.
774 3025 795 3062 e.
814 3009 857 3063 47.

106 3102 132 3158 1.
148 3102 174 3155 2
198 3102 258 3155 Aet
277 3103 303 3152 eb
320 3101 347 3153 in
364 3115 445 3165 marg.
462 3100 491 3164 (a
509 3112 583 3151 manu
601 3112 644 3149 ee·
715 3114 716 3118 ¹
746 3087 896 3159 18.”Ισμιτ
972 3085 1070 3162 ὁμοῖα]
1089 3091 1139 3147 len
1154 3109 1215 3148 ver·
1275 3109 1277 3113 ·

106 3183 311 3252 unda)Per.23
329 3179 643 3236 hecbrirblarrnllnd-
678 3192 722 3229 aue
736 3177 843 3230 Heeied.
857 3176 954 3243 Theog.
967 3175 1012 3241 2⁷,
1031 3175 1057 3229 le
1075 3176 1142 3244 quel
1159 3176 1216 3232 eli-

106 3282 162 3323 m.
193 3267 297 3321 (laeteri
313 3267 439 3320 eminere:
458 3281 522 3334 quae
540 3266 643 3318 rmieeie
679 3263 749 3314 terea
763 3261 941 3327 Athenagorae
957 3258 1029 3326 legit.
1056 3259 1121 3313 ller.
1135 3259 1217 3328 ἴδμεν

107 3351 253 3409 &nerum
269 3347 371 3401 induxit
387 3352 416 3400 vt
433 3349 519 3402 mallet
532 3349 645 3414 σοφίας,
678 3358 727 3413 pte
752 3343 841 3411 lepra.
876 3342 981 3395 llemer.
1003 3340 1050 3397 orl.
1067 3341 1214 3399 ΧΙΧ.2113τ

107 3428 175 3493 ὅσον
190 3429 218 3486 οἱ.
232 3449 261 3485 τι.
277 3431 409 3499 διαφέρει
426 3426 646 3498 διαλλαττούσῃ
680 3427 771 3492 ἴοιεν,
793 3436 826 3493 ψ.
847 3444 876 3480 ι.
894 3422 980 3492 λέγων
997 3421 1019 3479 i.
1039 3418 1065 3479 ὁ.
1099 3426 1215 3494 Thrage.

106 3519 156 3588 rig
171 3517 257 3577 θείας
282 3515 350 3582 (aive
367 3518 572 3585 προφητινιῆς),
596 3513 646 3569 καὶ
680 3511 747 3565 713:
775 3504 837 3565 οὐδ’
860 3509 887 3565 εἰ
909 3505 1018 3576 ψεύδεα
1043 3505 1095 3578 μὲν
1119 3512 1217 3572 neeric

106 3603 157 3672 erig
174 3596 228 3668 nie
246 3602 295 3652 ete.
330 3598 370 3652 be
387 3614 448 3653 vere
472 3601 582 3667 θιολογ.
606 3598 646 3652 eli
681 3592 825 3664 ἐτύμοισιν
855 3588 950 3660 ὁμοῖα.
997 3593 1060 3648 cun
1091 3592 1217 3651 infinitivo

106 3700 129 3740 t.
145 3684 189 3740 lh
207 3699 233 3736 m.
252 3681 294 3735 18.
681 3677 768 3748 λέγειν
785 3676 920 3732 subaudire
937 3670 1066 3744 ποιητάς.

173 3767 220 3822 27.
238 3764 298 3834 emi]
317 3765 376 3820 Nem
394 3768 434 3818 eet
450 3765 476 3817 ln
492 3764 556 3832 Arg.
581 3763 645 3817 Per·
749 3761 773 3814 1.
802 3749 892 3815 Οὔτοι
910 3762 1008 3816 τοίνυν
1025 3757 1087 3828 ete]
1113 3758 1226 3833 „elbe,

106 3853 184 3910 Ην
201 3849 253 3906 ταὶ
271 3851 315 3903 hle
337 3849 449 3903 eineelit
473 3863 537 3917 quea
561 3846 647 3900 verble
681 3858 790 3912 nagorea
815 3847 903 3897 trennt
927 3844 961 3899 lm
978 3841 1050 3898 Falla
1070 3842 1149 3897 satan
1165 3839 1218 3901 nrt

106 3935 318 3991 mentem
333 3932 510 4000 explicationis
525 3944 587 3996 erge
602 3929 648 3983 rd-
681 3929 753 3982 reine
771 3926 869 3993 Engel:
891 3940 941 3981 von
957 3925 1047 3980 ileeen
1064 3923 1105 3979 dle
1122 3923 1218 3979 Dime-

105 4018 203 4077 ienlnr
237 4015 316 4087 (ent
342 4031 415 4069 rerer
448 4030 469 4068 ι.
500 4010 647 4080 nimlicb).
681 4025 732 4063 nen
751 4010 841 4082 [servu
858 4006 986 4080 preprlel,
1003 4006 1041 4061 ela
1058 4003 1154 4068 Seelee
1170 4004 1219 4063 ier

106 4084 249 4161 Serenae
273 4100 371 4156 Poetae
387 4098 512 4168 gentiles,
529 4096 591 4150 lieet
607 4094 647 4148 ‹ll-
683 4093 819 4165 Glgrnlen
846 4090 1091 4146 bleeebimenen
1103 4087 1217 4143 ereebei-

933 4181 989 4245 9*
