2708 4666
247 256 251 263 .
287 202 342 269 old
355 199 687 270 RESURRECTIONE
709 204 966 272 monwonoll.
1107 205 1168 272 195

58 377 251 457 respicient,
273 382 306 440 et
327 395 369 441 ex
386 396 426 442 eo
441 381 655 463 demonstrent
674 377 752 441 nihil
767 382 889 442 omnino
906 381 1168 443 resurrectionem

59 488 183 552 hebere
209 490 293 566 quod
316 492 359 551 sit
380 492 542 552 credibile.
586 489 622 551 ld
648 494 751 551 entem
774 493 952 569 perficient,
981 492 1009 552 si
1038 493 1167 554 demon·

59 602 167 661 strum
189 580 303 676 queant
328 601 382 662 vel
406 618 468 665 nou
488 617 586 679 posse
607 601 698 662 doum
716 602 769 662 vel
786 602 872 662 nolle
893 605 1014 662 mortun
1033 617 1168 681 corpore

59 712 115 772 unt
136 709 231 770 etium
256 711 378 772 omnino
399 711 553 772 dissoluto
584 713 697 772 iterum
725 714 944 789 coagmentare
965 714 999 772 et
1018 714 1052 773 nt
1073 714 1166 775 iidem

58 819 203 880 homines
234 823 463 883 constituentur
485 821 712 898 conglutinare.
756 821 873 892 Quodsi
896 821 929 881 id
954 825 1167 900 nonpossint,

60 931 205 991 desinent
220 931 314 1009 impie
330 932 482 992 increduli
506 948 578 993 esse
595 933 628 993 et
647 932 853 1010 blasphemiis
869 947 907 992 ea
926 947 1005 1008 quoe
1020 934 1169 994 nonlicet

60 1044 232 1119 appeter03
253 1040 331 1100 nihil
348 1042 428 1101 enim
444 1042 513 1101 veri
529 1041 568 1102 eb
586 1042 625 1102 iis
649 1042 771 1119 offerri,
793 1043 861 1102 sive
878 1059 937 1102 uon
953 1059 1049 1120 posse
1063 1030 1172 1105 dicent

60 1150 130 1213 sive
150 1149 246 1228 nolle,
268 1166 309 1210 ex
322 1150 372 1210 his
388 1166 468 1227 quoe
485 1151 622 1212 dicemus
637 1155 836 1231 perspicuum
854 1154 925 1214 erit.
960 1154 1035 1214 Rcm
1052 1155 1092 1213 ab
1106 1155 1169 1215 ali·

60 1277 124 1338 quo
145 1261 254 1338 perflui
275 1275 336 1320 non
365 1277 462 1338 posse
488 1264 576 1323 oerto
597 1263 786 1340 intelligitur
809 1266 863 1323 aut
884 1280 926 1324 ex
944 1281 983 1324 co
1001 1265 1084 1341 quod
1106 1280 1169 1326 non

61 1374 233 1450 eognoscat
256 1371 330 1447 qnid
353 1369 527 1433 faciendum
550 1373 608 1449 sit,
638 1375 692 1433 ent
715 1389 755 1433 ox
778 1388 817 1432 oo
842 1375 925 1450 quod
954 1375 1032 1434 setis
1057 1376 1169 1437 virium

60 1498 122 1542 non
144 1481 263 1541 habeat
283 1480 324 1542 ud
349 1481 381 1540 id
401 1482 483 1558 quod
507 1484 655 1560 cognovit
669 1483 837 1561 praeclaro
855 1483 1062 1545 efficiendum.
1090 1483 1170 1545 Ete-

60 1591 122 1651 nim
136 1592 190 1668 qui
204 1591 332 1668 ignorat
355 1592 430 1667 quid
452 1591 626 1654 t'acicndum
644 1594 686 1652 sit
705 1609 764 1654 nec
784 1595 918 1672 aggredi
943 1612 1000 1655 nec
1015 1595 1169 1673 perfluere

61 1701 186 1762 omnino
205 1703 313 1779 potest
335 1702 417 1778 quod
441 1703 580 1782 ignoret;
603 1709 636 1766 et
658 1707 710 1783 qni
726 1706 890 1785 praeclare
911 1705 1001 1764 novit
1019 1705 1093 1781 qnid
1118 1704 1168 1765 lu-

62 1811 206 1873 ciendum
222 1811 280 1889 sit,
305 1812 431 1873 etnnde
454 1816 487 1873 et
501 1816 656 1891 quomodo
674 1815 867 1893 faciendum,
885 1816 970 1876 uires
992 1816 1095 1874 nutem
1117 1818 1172 1875 ant

62 1921 168 1983 nullas
191 1920 315 1980 omnino
342 1922 440 1983 hebet
464 1926 505 1983 ed
529 1924 702 1986 faciendum
729 1927 812 2003 quod
836 1925 997 2003 cognoscit
1024 1931 1079 1985 ant
1108 1940 1169 1986 non

61 2226 291 2296 κεπτσισγσῦνκι]
315 2223 347 2280 κδ
372 2222 464 2281 κόθεν
481 2224 599 2283 ἕκαστον
634 2246 672 2283 wo
691 2231 762 2285 scine
779 2219 866 2284 ruine
884 2228 1078 2297 hingelommcn
1098 2227 1170 2281 scien

61 2307 115 2382 κήν
139 2305 360 2380 σώσσσσιν.ιισρ’
377 2308 468 2367 oritoni
488 2312 599 2384 ληφθὲν
634 2315 728 2370 welche
746 2315 809 2368 drzu
827 2315 919 2381 gehorl
936 2315 1026 2367 haben.
1050 2313 1170 2367 Rosolcr.

63 2396 176 2468 ἔσχηκεν
202 2398 250 2453 καὶ
282 2393 418 2452 διαλυθὲν
440 2394 526 2452 πάλιν
559 2401 601 2464 εἰς
634 2432 669 2441 -
686 2403 769 2456 Antea
794 2415 842 2471 pro
864 2395 1026 2467 γινώσκεται
1052 2397 1123 2465 (Per.
1144 2398 1169 2450 1.

61 2480 599 2554 κοῐαγιιτσικιγώριγκιν,ἐσγώκης[ῠσσῑι.
635 2487 699 2555 Arg.
726 2487 806 2554 Act,
831 2489 857 2538 el
873 2484 930 2552 Blg.
943 2484 1061 2553 γίνεται)
1086 2485 1113 2534 et
1128 2502 1169 2550 γι-
1288 2482 1291 2487 ’

61 2566 180 2640 ἑκάστης
208 2575 295 2624 contro
322 2569 405 2638 codd]
435 2567 509 2625 ἐστὶν
535 2570 600 2626 uiue·
635 2571 752 2626 νώσκιιν
778 2572 851 2637 (Per.
877 2572 900 2623 1.
918 2571 944 2622 2.
964 2570 990 2624 ³.
1015 2569 1079 2637 Arg.
1100 2569 1169 2622 cler.

62 2656 151 2726 βιίσς.
186 2648 220 2711 '0
235 2651 288 2723 γώρ
306 2651 431 2726 ώκγιβώς
448 2652 540 2719 οὕτως
559 2657 600 2712 sl·
635 2658 665 2726 2)
685 2658 746 2711 edili
769 2652 946 2725 γιγνώσκεται
964 2659 990 2708 ct
1009 2651 1170 2724 γιγνώσκειν

63 2739 121 2805 ose
139 2742 200 2803 unic
217 2736 431 2810 ώσσνώιωςὲξει
448 2743 540 2797 ταῦτα
556 2747 601 2796 lu·
635 2743 739 2797 habent.
780 2741 832 2797 Sed
848 2742 998 2810 deinceps,
1030 2743 1060 2794 ul
1083 2755 1171 2794 omncs

64 2823 125 2895 βών
150 2821 223 2895 πρὸς
248 2823 280 2879 τώ
308 2823 337 2892 ἐξ
355 2822 442 2896 ἀρχῆς
460 2824 601 2894 ἐκαναγικ-
637 2829 708 2881 codd.
727 2829 798 2892 moll,
824 2829 928 2880 iormem
946 2827 1056 2880 offerunt
1074 2825 1170 2880 Nostro

61 2916 120 2979 γεῖν
130 2931 142 2975 ,·
157 2940 192 2951 -
221 2911 338 2965 Drchulr.
358 2914 443 2967 ultullt
461 2913 543 2966 Cicer.
563 2914 601 2966 lie
637 2916 752 2967 usitatum
769 2912 913 2982 γινώσκων
927 2910 999 2978 (Aet.
1010 2904 1169 2978 γινώσκοι),

62 3002 115 3051 nrt.
136 2996 206 3050 deor.
228 2997 264 3052 11.
284 3014 304 3052 c.
322 2998 370 3052 3οι
389 2999 444 3066 „lt
458 3004 484 3051 ct
499 2999 602 3066 ignoro,
635 2994 841 3067 γινωσκόμενον
865 2994 981 3064 (vlunt
1009 2991 1169 3062 γινσσκώμι-
1195 3041 1197 3046 .

63 3085 99 3138 llo
117 3097 204 3136 rerum
219 3082 300 3136 eliens
313 3086 418 3135 nntnree
433 3081 537 3135 deorum
553 3087 602 3148 cst,
637 3087 699 3151 νον)
725 3088 773 3137 etc.
805 3085 843 3137 cl.
862 3078 952 3149 Suppl.
979 3093 1001 3131 c.
1019 3077 1061 3131 1³.
1084 3092 1110 3129 n.
1126 3074 1169 3128 1⁰.

64 3170 90 3221 ct
106 3152 250 3221 sustinendi
269 3168 380 3220 muneris
397 3173 504 3238 propter
520 3167 600 3220 imbc-
634 3171 697 3224 Mox
715 3169 783 3222 cler.
802 3167 820 3220 2
838 3162 979 3219 dilucidem
1002 3176 1048 3231 pro
1064 3154 1169 3227 ώρκοῦ-

63 3250 192 3306 cillltrtcm
210 3250 343 3305 difficultis
368 3253 470 3306 minime
490 3253 556 3305 cedit
574 3254 601 3305 in
636 3271 695 3308 σαν.

63 3337 223 3391 nolestntcm
241 3337 373 3391 deorum.“

132 3419 174 3475 15.
198 3416 233 3474 τό
258 3416 452 3489 γενησόμενον]
485 3421 601 3476 Athena-

704 3381 746 3436 16.
772 3377 857 3434 ’Ότι
880 3374 933 3446 yde
1012 3369 1029 3430 ὅ
1048 3392 1078 3430 re
1102 3338 1170 3444 γιν.]

545 3505 552 3524 .
636 3470 674 3522 ltu
693 3483 725 3520 cx
742 3468 802 3520 Per.
825 3466 849 3518 l.
866 3462 891 3516 3.
917 3463 982 3530 Arg.
1005 3460 1074 3514 (ilar.
1091 3460 1171 3515 210-

64 3518 140 3573 gom
159 3506 257 3559 erklirt
278 3505 359 3572 gleich
385 3507 430 3561 dns
453 3523 601 3578 γενησομε-

63 3609 117 3730 ἓξ
131 3589 601 3744 ztzzffcztquwfflj'unglutili
636 3637 849 3706 (Goon-steph.
868 3635 1000 3689 Rechenb.
1018 3633 1098 3686 lieth.
1116 3626 1172 3699 3,ss

64 3762 207 3816 deutlichcr
234 3763 260 3814 ln
285 3762 331 3815 der
350 3763 516 3831 Anwendung
538 3760 602 3819 οὔτι
635 3725 711 3792 W‘J'
744 3723 808 3789 Μ’
834 3721 891 3774 pm
910 3721 935 3774 3¹
967 3706 1035 3774 Μ
1054 3719 1171 3787 um

65 3844 180 3916 ἀγνοεῖν
210 3844 260 3901 τόν
293 3843 363 3902 θεὰν
394 3846 516 3902 δυνατόν
545 3851 603 3902 τῶν
637 3811 704 3878 θείη
721 3805 752 3862 ιώ
771 3803 907 3872 caeduae
932 3807 1093 3876 transpositis
1112 3820 1170 3859 ver-

583 3935 589 3953 .
637 3896 685 3950 bio.
728 3895 791 3947 Tum
819 3892 928 3946 clon2
958 3886 1172 3960 κριθησόμενον

65 3929 302 4000 ἅνασνησομὲνων
325 3931 460 4000 σωμάτων
478 3931 529 4004 τήν
548 3955 603 4003 φν-
837 3976 843 3991 .

64 4008 109 4073 σιν
126 4021 194 4083 ecl„
214 4016 238 4069 d.
256 4018 282 4070 h.
298 4016 362 4071 Gott
379 4022 474 4072 mdeste
494 4036 542 4072 nur
555 4022 603 4073 den
638 3994 685 4051 pm
702 3980 940 4046 ”⁰‘⁷¹⁰⁰⁶⁰¹⁴⁵⁹⁰⁹‘

65 4107 169 4177 Kirper
185 4103 233 4158 der
254 4102 348 4156 wieder
362 4110 606 4173 zusammengcsclzt
709 4107 750 4161 17.
775 4105 807 4163 τὸ
830 4109 962 4176 ποιῆσαι]
1001 4105 1081 4157 orest
1111 4102 1169 4155 Aet

64 4189 170 4246 werden
206 4186 256 4241 roll
286 4189 356 4244 nicht
379 4205 460 4257 genno
495 4193 605 4258 konnen,
640 4192 710 4246 ldcm
729 4187 871 4261 ώγιισώσας
886 4208 934 4264 pro
953 4187 1102 4258 ἀρκοῦσαν.

879 4287 943 4352 13*

636 3553 698 3607 finxi
718 3566 764 3622 pro
786 3551 853 3618 vulg.
881 3545 897 3605 ὁ
918 3544 970 3617 γώρ
1050 3539 1096 3601 ὅτι
1116 3565 1170 3614 γιν;
