2708 4666
509 195 892 273 rnolnsoltnnn.
1191 220 1238 275 nv

231 387 406 461 Nonnulli
422 404 515 460 vero
537 388 762 461 obiiciebant
782 390 919 463 cultum
942 389 1076 463 statuis
1090 386 1240 462 adhibi-

129 526 203 589 tum
221 517 272 586 ad
288 517 391 606 ipsos
408 514 500 586 deos
516 514 665 586 reierri.
701 515 917 607 Respondet
936 517 1027 586 deos
1043 516 1130 585 illos
1145 533 1240 605 poe·

127 643 174 713 tis
191 643 245 732 (c.
263 642 334 731 18)
353 648 392 709 et
404 639 633 730 philosophis
651 641 702 731 (c.
712 641 783 731 19)
802 640 1113 712 consentientibus
1129 659 1240 711 crea·

127 776 185 838 tos
214 786 300 836 esse
327 785 372 836 ao
398 765 553 853 proinde
582 786 655 836 non
680 767 867 836 colendos.
918 754 1025 851 Quod
1059 767 1241 836 etiamen

117 891 300 987 ¹absurdis
327 911 454 960 eorum
471 887 619 984 liguris,
642 911 760 980 prave
781 890 890 961 factis
912 891 965 980 (c.
982 891 1073 984 20),
1095 890 1240 982 cupidi·-

126 1019 281 1109 tatibus,
309 1015 496 1085 amoribus
515 1017 561 1105 (c.
578 1017 645 1106 21)
663 1016 808 1109 evincit,
832 1034 927 1105 quae
944 1015 1085 1087 frustra
1106 1018 1153 1086 ad
1171 1036 1240 1088 na-

126 1149 247 1214 turam
263 1141 436 1213 revocari
452 1142 695 1233 demonstrat3
719 1142 752 1212 si
768 1142 883 1234 enim,
907 1143 1005 1229 quod
1022 1141 1240 1231 quibusdam

125 1271 269 1359 placet,
303 1287 338 1335 v.
355 1285 385 1334 c.
405 1263 570 1355 luppiter
595 1265 690 1356 ignis
716 1268 779 1359 sit,
806 1286 878 1336 non
895 1268 989 1337 deus
1007 1277 1066 1337 est
1087 1270 1139 1359 (c.
1157 1267 1240 1357 22).

228 1390 306 1462 Sed
323 1410 432 1479 quum
446 1389 671 1461 obiiceretnr
687 1390 863 1461 miracula
879 1391 1064 1461 interdum
1078 1394 1126 1463 ad
1144 1392 1240 1463 deo·

125 1537 207 1589 rum
226 1517 424 1586 simulacra
442 1513 542 1607 fieri,
569 1516 751 1605 opinatam
770 1515 870 1585 illam
889 1514 1091 1589 efficaciam
1108 1523 1148 1587 ut
1169 1537 1240 1589 ex·-

124 1643 255 1734 plicet,
290 1640 399 1710 affert
426 1642 626 1710 sententias
646 1640 813 1710 Thaletis
833 1646 871 1710 et
889 1641 1053 1712 Platonis
1074 1645 1120 1712 de
1144 1644 1239 1713 dae-

124 1767 295 1839 monibus
312 1765 365 1856 (c.
380 1765 463 1856 23).
511 1764 718 1836 Daemones
737 1766 892 1859 istorum
916 1786 1011 1856 quae
1031 1767 1079 1836 ad
1099 1773 1240 1838 statuas

125 1892 224 1962 liant*
237 1897 407 1961 auctores
426 1911 508 1961 esse
529 1893 652 1961 docel:
679 1911 833 1980 quorum
859 1892 1033 1982 deinceps
1059 1893 1239 1983 originem

127 2022 163 2087 et
182 2023 351 2086 naturam
368 2015 484 2086 sosius
509 2017 678 2107 explicat
731 2016 872 2086 Etenim
900 2019 1008 2088 docet
1035 2020 1190 2106 angelos
1215 2036 1235 2086 a

130 2141 348 2212 Christianis
363 2141 512 2231 agnosci
531 2161 687 2234 eosque,
723 2163 832 2231 quum
851 2142 911 2210 dei
926 2141 1101 2230 operibus
1122 2161 1237 2230 prae-

128 2266 240 2358 positi
255 2266 431 2361 fuissent,
454 2267 548 2335 alios
563 2267 600 2335 in
625 2263 748 2336 officio
765 2266 1019 2359 permansisse,
1042 2267 1137 2337 alios
1154 2286 1237 2339 esse

127 2391 407 2482 praevaricatos
425 2391 689 2480 mulierumque
709 2412 834 2463 amore
859 2399 1007 2482 captos:
1043 2395 1141 2464 unde
1161 2395 1238 2464 nati

128 2518 196 2587 sint
221 2517 393 2608 gigantes
414 2516 494 2585 sive
513 2517 709 2587 daemones
728 2520 874 2610 (0.24).
915 2517 971 2612 lli,
989 2516 1115 2612 inquit,
1141 2521 1237 2590 dae-

127 2662 267 2736 mones,
297 2641 422 2711 itidem
445 2648 485 2710 ut
501 2643 586 2711 mali
601 2644 745 2736 angeli,
778 2647 862 2716 dnm
888 2645 985 2715 bono
1011 2644 1073 2716 dei
1092 2645 1236 2718 adver-

126 2772 275 2860 santur,
308 2767 429 2836 locum
448 2767 632 2849 dedemnt
656 2770 838 2841 nonnullis
859 2771 1119 2862 providentiae
1144 2791 1238 2864 per·

126 2911 255 2981 peram
278 2894 470 2980 negandae
490 2893 583 2982 (25).
636 2892 682 2964 Hi
711 2895 880 2966 nidorum
898 2897 998 2966 avidi
1018 2898 1066 2966 ad
1083 2898 1239 2970 simula-

127 3035 188 3087 cra
207 3015 373 3086 homines
390 3017 541 3086 trahunt
558 3027 596 3087 et
614 3037 741 3090 eornm
757 3021 911 3111 nomina,
935 3020 1067 3108 quibus
1088 3029 1236 3093 erectae

126 3150 210 3212 sunt
225 3147 390 3232 statuae,
424 3141 494 3212 sibi
517 3153 694 3234 arrogant
717 3147 764 3235 (o.
780 3144 866 3233 26);
899 3142 1095 3233 perficiunt
1121 3154 1162 3215 ut
1185 3147 1235 3218 ad

125 3265 288 3337 infirmas
314 3266 470 3360 animas,
495 3273 679 3357 tamquam
703 3288 725 3338 a
753 3268 974 3360 simulacris,
1006 3268 1088 3338 visa
1113 3270 1237 3341 inania
1303 3350 1305 3354 Α

126 3391 299 3482 effluant,
323 3390 409 3461 etsi
426 3392 511 3481 quid
531 3394 652 3464 anima
668 3398 732 3463 aut
752 3392 979 3464 coniiciendo
1005 3393 1146 3465 divinet
1170 3401 1236 3468 ant

124 3516 306 3587 medendo
332 3522 368 3586 et
386 3519 549 3588 curando
574 3524 702 3611 navet,
723 3516 841 3588 ¹huius
871 3518 928 3588 rei
950 3518 1108 3609 gloriam
1134 3520 1236 3592 arri*

123 3640 226 3730 piout
246 3641 293 3729 (c.
308 3641 385 3730 27).
437 3640 552 3727 Quum
570 3664 599 3713 c.
619 3646 667 3713 17
684 3642 915 3734 promisisset
936 3663 977 3714 se
1003 3645 1050 3714 de
1076 3627 1235 3718 nomini·

123 3765 190 3836 bus
225 3765 382 3836 deorum
414 3767 596 3838 dicturum
630 3768 742 3856 idque
774 3769 907 3839 leviter
944 3770 1235 3868 perstrinxisset,

120 3893 250 3980 paullo
274 3891 427 3960 uberius
447 3892 583 3981 probat
612 3913 659 3961 ex
682 3891 873 3962 Herodoto
896 3892 943 3983 (o.
959 3894 1026 3985 28)
1051 3901 1089 3966 et
1112 3897 1233 3986 poetis

118 4016 167 4104 (c
183 4015 252 4104 29)
272 4015 362 4085 deos
384 4016 470 4086 illos
491 4015 655 4092 homines
670 4016 803 4102 luisse,
830 4025 868 4087 et
888 4021 1072 4107 quomodo
1094 4020 1231 4091 divini·

118 4139 209 4211 tatis
229 4139 533 4211 existimationem
549 4140 709 4213 assecuti
727 4141 801 4213 sint
819 4141 1018 4236 investigat
1036 4145 1084 4236 (a
1103 4142 1181 4232 oo).
