2708 4666
457 186 606 248 ORATIO
632 187 689 249 Al)
713 187 907 250 GRAECOS.
1168 191 1230 260 lot

122 373 222 418 moues
247 356 342 418 vohis
369 359 459 434 qnasi
481 360 614 436 proprio
638 359 707 420 inre
735 361 927 438 vendicetis,
962 365 1065 424 tamen
1094 366 1229 428 disseri·

121 467 157 526 tis
180 467 273 527 velat
295 483 408 527 caecus
428 484 496 527 cunr
519 470 626 529 surdo.
672 468 735 530 Cur
756 472 872 530 tenetis
900 473 1105 534 instrumenta
1126 475 1228 537 labri·
1320 500 1325 515 ·

119 579 174 654 lis,
195 579 250 652 qui
271 575 424 637 iahricari
442 593 503 637 non
525 577 639 637 scitist
680 577 743 638 Cur
767 596 930 640 sermones
950 583 1154 662 profitemini,
1176 587 1230 662 qui

118 688 154 746 ah
175 686 332 764 operibus
354 687 449 764 longe
473 686 616 746 distatis:
653 683 759 764 glorid
779 689 922 750 nimirum
943 691 1052 770 inflati,
1087 694 1118 752 in
1141 695 1230 754 cala-

118 796 277 857 mitatibus
298 798 401 856 autem
424 795 578 856 demissit
628 795 784 863 Actiones,
801 802 929 860 vestrae
955 803 1094 879 speeiem
1113 802 1232 864 hahent

116 908 282 968 aratione
304 906 454 980 alienam3
498 922 569 966 nam
599 906 630 965 in
661 908 788 983 publico
825 926 894 970 eum
923 927 1039 987 pompa
1075 912 1231 990 inceditis,

118 1033 280 1078 sermones
301 1018 405 1076 autem
429 1016 460 1074 in
489 1015 614 1093 angulis
642 994 818 1078 occultatis.
866 1019 983 1081 Missos
1013 1037 1072 1081 vos
1100 1021 1231 1084 fecimus
1343 1007 1349 1019 ’

119 1145 208 1205 quum
230 1126 316 1185 tales
342 1141 620 1203 cognosceremus,
648 1143 751 1203 neque
776 1128 838 1187 iam
860 1131 986 1190 vestras
1017 1147 1071 1190 res
1099 1133 1230 1209 attingi·

120 1254 200 1314 nus,
223 1236 284 1296 sed
310 1235 440 1294 verhum
460 1235 513 1294 dei
536 1234 705 1311 sequimur.
749 1234 811 1296 Cur
832 1237 923 1316 enim,
945 1256 964 1299 o
987 1240 1090 1318 homo,
1115 1243 1230 1302 litera-

121 1364 183 1408 rum
205 1346 327 1405 hellam
349 1342 498 1403 excitast
544 1341 608 1403 Cur
628 1359 735 1404 earnm
759 1347 1031 1422 pronuntiationes
1057 1354 1092 1412 nt
1113 1352 1145 1409 in
1168 1368 1231 1428 pu·

121 1457 231 1534 gillntn
251 1454 350 1515 attice
371 1452 577 1513 balbutiendo
602 1453 761 1531 collidis,
785 1472 878 1530 quum
901 1459 933 1516 te
954 1459 1055 1534 magis
1085 1464 1159 1535 apte
1190 1461 1231 1520 ad

122 1571 262 1627 naturam
291 1564 379 1642 loqui
412 1562 568 1623 decerett
624 1561 702 1624 Nam
731 1563 776 1641 si,
821 1581 914 1642 quum
942 1565 1147 1627 Atheniensis
1168 1583 1231 1626 non

122 1678 177 1754 sis,
198 1674 371 1749 atticissas,
393 1672 444 1733 dic
463 1671 539 1732 mihi
561 1689 617 1732 eur
639 1689 702 1732 non
727 1674 836 1734 dorice
865 1676 1017 1752 loquaris.
1069 1676 1231 1745 Quomodo

122 1785 177 1846 hoc
200 1785 260 1844 tihi
280 1784 426 1860 asperius
448 1783 583 1859 videtur,
612 1781 692 1842 illud
716 1782 850 1842 hilarius
875 1785 916 1844 ad
939 1787 1153 1862 colloquiunt

203 1896 254 1954 27.
278 1892 396 1963 Quodsi
421 1894 452 1950 te
477 1891 607 1951 istorum
630 1894 717 1952 tenet
740 1894 895 1954 eruditio:
918 1911 973 1954 cur
996 1895 1072 1955 mihi
1099 1897 1231 1975 dogma-

124 2011 182 2064 tum
213 2019 293 2086 quae
322 2001 397 2062 mihi
426 2002 553 2079 placent
586 2002 749 2079 opiniones
787 2003 918 2080 eligenti
946 2004 1065 2064 bellum
1094 2005 1232 2068 indicist

125 2113 281 2183 Quomodo
318 2108 398 2171 enim
432 2127 495 2170 non
526 2111 695 2171 absurdum
724 2114 775 2171 est
809 2112 965 2172 latronem
997 2113 1122 2189 quidem
1153 2133 1231 2192 pro-

126 2226 192 2299 pter
212 2222 293 2284 illud
312 2237 425 2281 nomen
446 2221 534 2280 euius
561 2223 727 2280 accusatur
751 2237 812 2280 non
834 2221 955 2299 puniri,
983 2224 1150 2298 antequam
1173 2242 1233 2285 ve-

126 2333 197 2392 ritus
221 2332 394 2409 diligenter
417 2331 586 2408 explorata
618 2329 732 2408 suerit,
778 2346 835 2389 nos
859 2331 963 2390 autem
993 2349 1053 2409 per
1075 2334 1233 2412 anticipa-

128 2450 182 2504 tam
207 2459 249 2504 ex
271 2440 418 2503 convitiis
439 2441 508 2501 sine
528 2439 672 2501 examine
696 2439 874 2517 opinionem
894 2440 968 2501 odio
989 2441 1127 2503 haberit
1153 2443 1233 2506 Dia-

133 2723 160 2772 ut
176 2722 331 2774 mumolum
353 2733 444 2771 vocum
470 2717 658 2788 pronuntiatio·
693 2711 732 2778 ὥς
750 2713 857 2786 ἔλεγχον
869 2714 1036 2789 λαμβάνετε.
1058 2718 1132 2773 Adde
1149 2720 1233 2774 Athe-

132 2820 187 2861 non.
199 2834 234 2844 -
258 2805 342 2858 huten
359 2817 407 2874 pro
420 2798 583 2871 οοραροοοις
597 2802 657 2856 det
692 2817 750 2869 nag.
770 2804 883 2874 supplic.
901 2820 927 2874 p.
948 2806 1043 2858 christ.
1059 2820 1080 2857 o.
1094 2804 1113 2858 2
1127 2809 1154 2858 et
1168 2806 1233 2860 Ter-

131 2887 306 2959 συγκρούσεις.
693 2888 790 2942 tullian.
808 2889 919 2959 Apolog.
940 2906 962 2941 c.
979 2891 1006 2945 2.

187 2980 229 3035 17.
259 2970 518 3048 βαρβαρικώτερον]
548 2971 657 3042 Βάρβα-
760 2972 1010 3043 2.μή].1ο1.κα1.

133 3080 172 3128 ρος
191 3065 234 3118 hle
256 3063 350 3116 dicitur
372 3059 404 3114 de
426 3049 546 3113 sermone
568 3075 658 3131 aspere
761 3058 788 3114 3.
807 3056 964 3128 Διαγόρας]
993 3060 1050 3126 llic,
1069 3064 1137 3111 teste
1156 3059 1235 3112 Sulda

133 3153 236 3202 munte.
273 3148 318 3201 Sic
341 3141 570 3217 βαρβαρόφωνος
592 3145 658 3217 apud
692 3161 714 3199 s.
739 3160 774 3212 v.‚·
804 3139 892 3207 ἄθεος
913 3146 980 3213 luit,
999 3159 1027 3195 sc
1049 3143 1170 3208 mysteria
1198 3143 1236 3196 sle

76 3250 78 3259 ·
134 3233 259 3288 llsnernm
278 3232 321 3300 (11.
340 3232 375 3284 ll.
394 3229 458 3298 8117)
472 3232 574 3296 legitur.
597 3232 658 3285 Ple·
693 3232 828 3283 contemsit
844 3234 873 3282 ut
888 3230 965 3283 etiarn
978 3243 1007 3280 ea
1019 3231 1147 3280 sectantes
1161 3242 1235 3281 aver-

134 3332 227 3388 sumque
242 3316 307 3371 illud
324 3316 471 3370 vocabulum
489 3317 563 3370 nliter
581 3331 658 3369 usur·
693 3319 778 3379 teret3
810 3329 888 3383 quare
912 3313 1087 3367 Athenienses
1106 3314 1236 3368 -mlenttrm

134 3409 209 3469 pur:
230 3419 253 3458 e.
273 3402 299 3455 1.
316 3417 343 3455 n.
361 3402 386 3454 1.
694 3401 726 3454 iis
745 3400 850 3468 polliciti
871 3405 932 3453 sunt
954 3399 997 3466 qul
1014 3414 1071 3452 eum
1089 3399 1235 3453 interfecis-

190 3490 214 3543 1.
228 3484 356 3556 Ποῖςροὶρ
365 3487 426 3557 etc]
436 3488 549 3540 lustinus
556 3486 660 3555 Apoll.
695 3491 762 3540 sent.
798 3485 872 3552 Quod
890 3486 1031 3553 Φρυγίους
1048 3485 1172 3552 Diagorae
1191 3481 1235 3540 λό-

137 3574 195 3628 ol:
206 3571 252 3642 Ἐξ
262 3570 404 3640 ὀνόματος
418 3570 469 3641 pta
480 3570 533 3640 γὰρ
547 3565 566 3640 ἢ
580 3570 660 3626 ἴαται-
694 3590 762 3640 pecs
780 3572 880 3640 attinet,
899 3575 1004 3626 Vossius
1016 3572 1068 3638 (lle
1081 3571 1172 3624 histor.
1186 3586 1236 3639 gn,

137 3652 662 3730 νοςῆαόλαοιςοὸκᾶνοῦλόρωςγέαοι-
697 3657 738 3710 ed.
765 3658 920 3724 westonam,
957 3670 983 3725 p.
1008 3656 1055 3724 13)
1082 3659 1154 3726 putat
1178 3657 1237 3710 illos

140 3760 164 3796 ro
166 3739 265 3816 ,ἢσρή
280 3766 308 3800 τι
322 3739 484 3813 {adoreon}
502 3746 613 3811 podica
626 3739 662 3798 δι’
695 3746 818 3798 tractasse
844 3759 933 3797 eorum
959 3742 1091 3794 historiam
1115 3756 1179 3809 quae
1206 3742 1238 3796 ed

141 3822 586 3937 budecdelmcdaidcantca.
606 3829 663 3884 rat
698 3829 820 3894 Cybelen,
839 3834 946 3882 matrem
959 3827 1105 3893 Phrygiam,
1122 3828 1238 3897 pertine·

140 3911 180 3980 sl,
211 3917 280 3981 τοοὶς
320 3915 584 3985 κατηγορουμένοος
619 3910 663 3983 ἐφ’
698 3915 774 3967 hant.
791 3915 947 3967 uthomines
962 3928 976 3965 a
993 3911 1237 3964 saeriseiusdeter-

141 3990 207 4064 ν’ρᾶο
223 3999 333 4066 πάντας
353 4003 421 4070 πρὶν
444 4000 610 4072 {lenonem
628 4020 663 4056 oo
699 4005 827 4054 retentor.
863 4001 948 4066 Quare
977 3995 1044 4065 apud
1066 3995 1169 4049 Suidam
1190 3989 1238 4048 26-

143 4094 276 4157 ¹¹metas,
300 4083 381 4159 1φ’“
363 4090 444 4160 ημῶν
468 4087 499 4145 et
518 4086 550 4144 το
571 4082 664 4158 ὄνομα
699 4104 744 4156 yos
762 4079 1147 4153 ακοοινρρίζοηεςνοοοοῑοτι
1163 4080 1238 4131 istem
