2708 4666
344 182 400 245 ml
418 180 751 245 RESURRECTIONE
772 182 1027 272 nouwonbll.
1156 181 1218 247 361

117 356 258 436 pientiae
279 356 377 418 inerit
392 343 486 416 etiam
509 355 542 415 iul
557 357 641 431 quod
656 355 845 435 discerptum
866 358 915 415 est
928 356 968 415 ab
987 356 1085 417 omnis
1097 358 1223 434 generis

119 468 298 528 animalium
318 467 530 542 multitudine,
561 482 769 542 quneonmque
790 466 942 526 eiusmodi
963 468 1149 545 corporibus
1168 485 1224 528 ae·
1293 541 1296 550 ι

120 595 250 639 euraere
267 579 371 638 solent
384 593 533 653 suamque
555 593 597 635 ex
612 577 676 637 illis
692 577 868 636 satietatem
884 593 1016 654 rapere,
1039 578 1112 637 inde
1128 594 1224 655 sepa·

120 704 214 764 raro,
233 692 265 748 et
281 689 419 766 propriis
436 686 582 747 membris
603 689 635 744 ot
656 686 859 746 membrorum
880 686 1024 763 partibus
1039 687 1148 748 iterum
1166 690 1226 781 ad·

121 800 273 876 iungere,
309 799 431 857 etiamsi
465 798 496 856 in
528 813 617 856 unum
650 812 690 856 ex
720 796 785 855 illis
819 796 1003 856 animalibus
1033 798 1226 877 migraverIt,

122 910 247 970 etiamsi
267 910 298 968 iu
320 908 434 987 multa,
457 907 579 966 etiamsi
603 906 674 965 inde
693 907 723 964 in
740 906 817 982 alie,
839 907 961 967 etiamsi
977 923 1043 966 eum
1066 907 1128 966 illis
1147 908 1225 984 ipsis
1248 969 1252 985 ,

122 1016 185 1079 unzi
207 1019 391 1079 dissolutum
414 1019 454 1078 ad
476 1018 576 1096 prima
602 1016 756 1093 principia
775 1018 941 1078 seeundum
966 1017 1138 1077 naturalem
1157 1017 1226 1077 die·

123 1128 312 1189 solutionem
336 1127 483 1188 redierit:
506 1127 590 1204 quod
613 1126 736 1202 quidem
761 1127 926 1186 nonnullos
941 1127 1040 1187 visum
1059 1130 1109 1186 est
1124 1128 1225 1188 maxi·

123 1256 174 1299 me
192 1240 378 1316 perturbare
400 1254 518 1313 eosque
544 1237 719 1313 sapientiae
734 1235 827 1295 laude
846 1237 999 1317 insignes,
1021 1239 1130 1314 quibos
1150 1257 1226 1316 gra·

124 1367 184 1408 ves
208 1351 314 1409 neseio
339 1364 399 1424 quo
420 1351 512 1424 paeto
529 1347 616 1406 visae
632 1349 704 1405 sont
719 1361 798 1420 quae
817 1363 837 1405 a
855 1347 950 1424 vulgo
965 1332 1118 1408 iactantur
1134 1349 1227 1409 dubi·

123 1459 214 1519 tandi
233 1459 382 1518 rationes.

214 1571 243 1628 t.
265 1567 303 1627 lii
325 1568 446 1627 scilieet
470 1568 576 1627 dieunt
597 1567 693 1628 multa
715 1583 821 1628 eornm
846 1584 996 1646 corpora,
1025 1571 1077 1645 qni
1100 1571 1129 1629 in
1149 1588 1228 1632 nau·
1287 1612 1290 1619 «

125 1679 242 1757 fragiis
264 1683 296 1738 at
322 1677 496 1738 luminibus
521 1675 632 1737 misere
655 1678 833 1755 perierunt,
859 1694 960 1738 eseam
986 1681 1125 1756 pisellus
1143 1681 1228 1743 faeta

125 1806 219 1862 esse,
242 1789 336 1848 multa
360 1788 433 1847 item
452 1805 575 1863 eorum,
606 1788 659 1863 qui
682 1789 712 1846 in
739 1788 821 1846 bello
844 1788 988 1848 obierunt
1007 1794 1061 1850 aut
1075 1791 1115 1850 ob
1135 1793 1228 1854 aliam

124 1900 299 1960 tristiorem
316 1898 451 1973 aliquam
469 1914 593 1958 eausam
608 1901 639 1956 et
652 1897 858 1958 calamitatem
874 1899 1036 1976 sepultura
1053 1906 1228 1979 caruerunt,

126 2009 321 2088 quibuslibet
341 2007 419 2067 seris
439 2009 582 2085 exposita
605 2023 677 2066 osse
693 2009 733 2068 ad
752 2009 932 2068 vorandum.
977 2010 1073 2078 Quum
1089 2028 1166 2089 ergo
1183 2013 1230 2072 sie
1334 2057 1337 2064 .

125 2121 272 2180 absumta
294 2117 411 2177 inerint
432 2133 582 2194 corpora,
615 2134 768 2193 quumque
799 2119 935 2177 membra
963 2123 995 2177 et
1025 2121 1230 2183 membrorum

123 2234 239 2310 partes
261 2246 300 2288 ex
325 2228 435 2305 quibus
458 2227 644 2287 oonstabant
668 2229 698 2287 in
722 2224 872 2305 plurimas
890 2222 1011 2289 belluas
1033 2230 1181 2292 dilaniata
1198 2237 1231 2293 et

127 2358 198 2402 oum
229 2356 334 2399 earnm
361 2337 546 2414 corporibus
566 2354 623 2415 per
645 2339 841 2398 nutritionem
864 2342 1079 2414 coagmentata
1096 2341 1228 2403 suerint:

127 2452 231 2531 primo
253 2450 376 2526 quidem
395 2449 464 2508 fieri
488 2464 583 2525 posse
609 2450 722 2525 negant
749 2450 785 2508 nt
806 2449 877 2508 inde
901 2444 1083 2531 eliciantur,
1117 2453 1230 2515 deinde

127 2577 208 2623 vero
223 2561 308 2621 alind
331 2575 402 2618 esse
425 2554 582 2618 difficilius
602 2558 715 2617 dieunt.
758 2556 835 2617 Nam
852 2566 942 2635 quum
957 2565 1068 2637 pastae
1090 2562 1231 2626 humanis

128 2672 317 2750 corporibus
332 2670 475 2743 bellnae,
500 2672 652 2744 quotquot
671 2669 711 2728 ad
727 2668 867 2728 homines
886 2671 1016 2731 alendos
1034 2676 1126 2750 aptae
1149 2678 1230 2753 sont,

130 2784 162 2843 in
184 2798 292 2844 eorum
319 2783 461 2840 ventrem
488 2779 679 2838 descendant
708 2782 740 2838 et
768 2782 1015 2842 comedentium
1045 2787 1231 2862 corporibus

198 3042 241 3095 15.
259 3037 381 3110 χωρήσῃ]
407 3040 470 3106 Arg.
487 3035 631 3106 χωρήσειν.
700 3036 732 3094 δέ
755 3041 892 3094 orationem
919 3043 1017 3109 pergit,
1041 3041 1072 3110 γε’
1094 3043 1124 3096 ad
1151 3036 1231 3100 οὗτοι

199 3124 242 3179 16.
269 3123 386 3187 ἐκείνοις
405 3120 515 3189 αὐτοῖς]
546 3127 589 3178 Sto
607 3126 665 3178 l’ar.
700 3127 819 3194 pertinet.
855 3126 892 3177 01.
920 3126 1003 3177 Klotz.
1033 3127 1062 3178 ad
1088 3127 1177 3182 Detur.
1206 3145 1231 3198 p.

131 3216 156 3267 1.
175 3213 246 3266 cler.
263 3213 286 3264 1.
305 3214 364 3266 Aet.
384 3212 485 3265 Pariter
503 3228 578 3282 snpra
597 3208 666 3264 τού·
701 3209 760 3263 361.
779 3209 872 3263 Ciani
886 3209 965 3275 φασὶ,
983 3211 1071 3263 einen.
1092 3212 1125 3263 01
1142 3213 1230 3283 Suppl.

130 3318 188 3354 w
205 3290 311 3362 αὖτιᾶν,
331 3315 353 3349 e.
369 3296 385 3350 6
403 3293 509 3364 ταύτης
524 3317 553 3365 yr
570 3295 667 3366 αὐτῆς,
702 3312 724 3349 e.
743 3296 765 3348 1.
792 3311 819 3347 n·
837 3293 864 3359 2,
895 3310 916 3349 c.
936 3294 976 3348 12.
1003 3308 1029 3346 n.
1046 3294 1088 3347 22.
1114 3297 1147 3348 al.
1169 3298 1232 3353 Mox

130 3403 153 3441 e.
172 3384 191 3438 8
208 3381 322 3444 τούτοις
345 3377 458 3448 αὐτοῖς,
483 3384 573 3452 Suppl.
597 3401 619 3436 o.
635 3383 668 3436 34
703 3382 762 3433 Aet.
781 3375 920 3446 {vuvyiorc
938 3394 984 3447 pro
1004 3377 1034 3434 ἐν
1051 3385 1205 3450 ναυαγίοις.

130 3469 254 3533 τούτους
288 3464 403 3530 αὐτούς.
446 3470 484 3522 01.
512 3471 544 3522 ibi
578 3486 603 3521 n.
628 3470 667 3524 10.
770 3464 795 3517 3.
814 3464 872 3528 καὶ]
892 3467 956 3531 Δις.
976 3467 1034 3518 Por.
1057 3468 1083 3520 3.
1103 3469 1172 3522 (liar.
1204 3473 1231 3524 3.

130 3558 235 3613 caeteri
253 3554 325 3609 codd.
344 3557 402 3606 mall
426 3550 523 3616 αὐτοῖς
542 3552 666 3617 ἐκείνοις.
703 3550 759 3617 Big.
781 3544 807 3617 ἢ
827 3551 865 3602 61.
884 3566 907 3602 c.
925 3549 968 3602 23.
1003 3567 1027 3603 n.
1047 3553 1089 3606 1⁶2.

130 3643 183 3699 Pro
215 3637 403 3695 σννδιαλυθέν
427 3646 453 3691 et
476 3637 573 3712 ἐνεχθῇ
608 3643 666 3708 Big.
770 3636 794 3689 3.
812 3636 904 3701 μερῶν
921 3656 945 3688 κ.
963 3638 1081 3704 μορίων]
1110 3641 1147 3695 01
1167 3645 1231 3707 ab,

131 3727 308 3796 συὸιαλυθῇ
328 3731 354 3778 et
372 3723 529 3795 ἐνεχθῆναι.
702 3733 727 3771 u.
746 3719 788 3772 ll.

200 3814 242 3868 17.
262 3809 454 3880 διαπορήσεις]
485 3814 545 3866 Aet.
571 3813 667 3865 truso·
771 3804 795 3857 4·
815 3808 885 3869 teia]
919 3806 999 3860 Deest
1031 3810 1098 3863 clar.
1116 3811 1140 3865 2.
1171 3813 1233 3866 Tum

133 3898 236 3970 ρῆως
703 3891 763 3943 Aet.
781 3890 967 3959 τρεπομένων.

199 3987 225 4040 1.
244 3982 334 4052 oiri]
368 3986 426 4052 big.
451 3983 485 4052 bri
510 3980 576 4050 γάρ,
605 3996 667 4050 quae
771 3977 796 4030 6.
815 3979 883 4043 τῶν]
902 3979 960 4033 Non
978 3981 1042 4034 est
1035 3997 1061 4033 m
1080 3982 1139 4034 Aet.

131 4070 532 4142 qmlemleebepiaeetltarano
551 4067 668 4121 sednon
772 4063 797 4117 6.
814 4057 917 4130 ὁπόσα]
949 4067 1008 4124 Per.
1032 4069 1048 4122 3
1075 4071 1102 4120 et
1127 4067 1194 4120 Cirr.
1216 4067 1234 4175 t

131 4163 173 4214 eet
187 4155 257 4228 quod
275 4154 420 4211 otiantes
412 4170 439 4208 m
456 4153 507 4209 illis
524 4151 668 4225 partientis.
704 4144 847 4218 ὁμοίως
826 4170 870 4215 ως.
934 4190 936 4195 ,

326 4243 345 4285 e
