2708 4666
336 185 599 251 subplicium
621 186 701 250 PRO
724 185 987 255 cultissimus.
1154 187 1217 257 iti

105 358 292 421 Alexander
305 357 379 435 quid
394 333 529 436 prosunt
546 357 810 435 aegrotantibus?
831 356 908 418 Nam
923 375 1003 435 quae
1017 374 1097 420 nuno
1113 362 1217 423 statua

107 469 238 546 operari
266 468 401 543 dicitur,
430 484 469 528 aa
490 468 683 544 operabatur
714 466 808 527 etiam
827 466 956 527 vivente
978 469 1011 528 ai
1032 471 1218 547 aegrotante

106 575 284 654 Naryllino.

197 688 247 744 27.
292 685 372 754 Quid
400 684 523 762 igituri
551 684 688 744 Primum
719 684 840 744 animae
863 702 882 744 a
909 685 1033 745 ratione
1062 686 1157 747 alieni
1185 690 1219 749 'ai

109 795 286 871 imaginarii
309 795 392 853 circa
414 795 577 871 opiniones
600 795 702 852 motus
722 809 803 852 nuuc
823 792 882 851 luas
905 810 985 853 nouo
1010 795 1083 853 illas
1105 796 1219 873 imagi-

108 918 165 962 nes
192 903 306 979 partim
322 919 363 961 ox
384 900 515 960 materia
537 901 667 960 trahunt
685 902 800 978 partim
822 901 883 960 sibi
898 901 1049 980 olfluguut
1071 905 1104 963 ot
1129 905 1219 980 pari·

109 1014 182 1087 uut;
211 1013 245 1070 id
276 1013 379 1070 autem
406 1011 507 1069 anima
539 1012 601 1069 tum
633 1011 765 1069 maxime
796 1009 916 1087 patitur
947 1028 1038 1086 quum
1068 1012 1220 1073 materiae

110 1120 256 1198 spiritum
276 1120 337 1178 sibi
360 1119 510 1178 adsciscit
535 1119 626 1193 eiquo
650 1120 885 1194 commiscetur,
915 1134 977 1178 non
1000 1118 1040 1179 ad
1067 1120 1220 1182 coelestia

111 1232 143 1288 ai
159 1245 267 1289 eorum
282 1228 423 1305 opificem
440 1227 497 1286 sed
517 1229 664 1287 deorsum
684 1229 725 1287 ad
749 1228 916 1286 terrestria
936 1231 1095 1306 spectans,
1117 1217 1220 1291 omui·

111 1351 150 1396 no
174 1338 216 1395 ad
239 1339 371 1412 terram,
393 1338 427 1396 ut
450 1333 576 1416 sanguis
591 1338 707 1395 tautum
727 1337 760 1394 et
779 1351 871 1412 caro,
892 1351 954 1394 nou
974 1337 1107 1414 amplius
1122 1355 1222 1417 purus

111 1445 254 1521 spiritus.
297 1444 348 1504 llli
371 1444 467 1522 igitur
484 1446 640 1505 aratione
658 1443 753 1503 alieni
772 1447 805 1503 ot
822 1443 997 1521 imaginarii
1015 1447 1135 1508 animae
1151 1464 1221 1509 mo-

112 1556 163 1614 tus
180 1554 250 1612 visa
265 1555 391 1629 pariunt
406 1571 473 1614 oum
489 1554 597 1612 insano
614 1553 848 1613 simulacrorum
864 1569 971 1613 amore
985 1554 1099 1616 iuncta.
1115 1556 1223 1625 Quan-

112 1663 153 1722 do
175 1664 280 1722 sutem
294 1664 403 1722 tenera
418 1664 450 1721 ot
467 1662 583 1721 flexilis
606 1662 725 1741 anima,
748 1661 938 1723 robustioris
952 1663 1114 1723 doetrinae
1129 1665 1222 1742 igna-

112 1786 148 1830 ra
171 1773 205 1829 ei
229 1770 412 1847 inexperta,
434 1771 580 1829 veritatis
606 1770 768 1847 imperita,
789 1767 892 1846 patris
916 1772 949 1829 et
974 1773 1128 1832 creatoris
1150 1774 1223 1834 uni·

114 1894 279 1939 versorum
303 1879 523 1938 considerandi
556 1879 712 1959 insolens,
745 1878 862 1939 imbuta
884 1877 982 1939 suerit
1004 1879 1096 1940 falsis
1120 1882 1160 1942 de
1185 1899 1222 1944 se

114 1987 329 2064 opinionibus:
366 1989 430 2048 tum
457 1989 625 2048 daemones
655 1987 738 2047 circa
769 1988 931 2048 materiam
957 1992 1140 2066 versantes,
1169 1991 1223 2067 qui

113 2096 243 2155 nidores
268 2098 302 2154 et
322 2095 515 2155 victimarum
538 2097 719 2173 sanguinem
742 2096 893 2173 liguriunt
914 2098 1008 2172 atque
1029 2096 1171 2159 homines
1190 2100 1222 2159 iu
1251 2094 1254 2099 ’

114 2202 257 2263 fraudem
286 2204 449 2280 inducunt,
484 2204 634 2263 adhibitis
657 2205 686 2263 in
718 2205 867 2265 auxilium
893 2203 981 2264 hisce
1008 2206 1145 2267 motibus
1169 2209 1223 2285 qui

115 2311 203 2389 vulgi
224 2312 355 2372 animam
376 2314 416 2372 ad
440 2313 540 2373 salsas
560 2313 724 2390 opiniones
743 2313 908 2390 inclinant,
928 2313 1111 2395 perficiunt,
1133 2331 1223 2376 men·

116 2424 164 2480 tes
180 2436 290 2480 eorum
304 2421 498 2498 invadendo,
520 2423 554 2481 ut
569 2423 724 2497 tamquam
739 2437 779 2480 ox
792 2421 968 2482 simulacris
987 2425 1020 2482 ot
1036 2423 1224 2500 imaginibus

116 2663 246 2728 ispania
270 2661 335 2714 Lub.
360 2662 565 2730 attemperate,
589 2663 653 2728 Arg.
757 2661 799 2714 13.
832 2662 991 2728 φαντασίας
1021 2660 1120 2727 adroic
1150 2666 1224 2735 ssi-1

117 2744 371 2812 sidoniopuaoaiooec.
687 2746 809 2800 blarauus
830 2746 893 2800 boec
916 2749 1073 2802 observarit:
1097 2749 1225 2803 Frondem

184 2831 210 2882 7.
230 2825 336 2899 uinciri]
356 2832 420 2899 Arg.
438 2826 523 2900 ἁπλῆ,
540 2831 614 2885 Bodl.
628 2833 653 2884 1.
688 2829 837 2883 daemonum
868 2831 957 2885 codam
990 2833 1063 2886 modo
1094 2837 1226 2902 exponunt

116 2913 221 2972 Μαι
242 2909 354 2968 dusiol-
688 2914 730 2967 olii
747 2916 895 2983 scriptores.
923 2913 969 2969 Δι’
983 2913 1111 2984 ὀνείρων,
1129 2919 1225 2971 aiilo-

183 2999 210 3051 8.
228 2997 290 3068 μὲν]
310 3000 374 3053 Lub.
394 2996 434 3052 ai.
688 2999 771 3050 uanus
790 3013 811 3050 c.
830 2998 879 3064 18,
900 2997 952 3067 τήν
970 3001 1009 3061 sic
1027 2995 1134 3063 adroic
1150 3019 1225 3066 ποα-

184 3080 653 3152 9.ἐναποσφραγὶσηται]ἱιι1).ἕνα·
687 3079 891 3148 γματευόμενοι
920 3080 1017 3148 δόξαν.
1053 3084 1225 3139 Tertullianus

117 3168 347 3235 sooppcyioaccr.
384 3169 459 3221 Bodl.
486 3169 510 3221 1.
534 3168 559 3221 2.
593 3170 652 3222 dei.
689 3166 765 3233 Apol.
784 3182 805 3219 a.
824 3165 872 3219 22:
903 3168 1020 3235 „Eadem
1036 3167 1115 3234 igliur
1132 3168 1225 3222 obscu-

117 3248 165 3306 iss
183 3253 432 3320 apocopupioetcu.
687 3252 763 3303 rilate
788 3252 945 3317 coumgionis
967 3250 1103 3319 adspiratio
1122 3251 1224 3306 decoro·

185 3336 229 3390 1⁰.
248 3331 348 3405 αὐτῆς]
368 3337 423 3390 llcc
441 3353 473 3390 os
492 3335 563 3392 codd.
583 3337 654 3389 mstis
689 3350 749 3394 uum
774 3338 800 3386 sl
825 3335 973 3401 augelorum
1001 3337 1094 3390 mcuiis
1123 3351 1226 3406 quaqua

116 3422 199 3475 issiui
223 3422 321 3474 inserui
349 3422 387 3487 (u.
413 3423 452 3488 1).
503 3419 655 3488 Excipieudi
689 3419 847 3487 corruptelas
870 3420 923 3486 agit
946 3421 1075 3475 furoribus
1093 3427 1121 3475 si
1137 3437 1225 3476 amsa·

115 3503 190 3557 Bodl.
206 3504 230 3556 1.
247 3504 264 3556 2
282 3506 325 3571 qui
343 3499 439 3558 uiridi·
455 3505 557 3557 baboni.
584 3504 654 3558 Editi
689 3505 731 3556 iiis
748 3503 829 3557 iocdis
846 3509 890 3556 aut
909 3507 991 3558 saeris
1009 3505 1154 3560 libidinibus
1168 3522 1226 3562 coar

117 3582 214 3655 cispa.
689 3588 820 3640 erroribus
838 3590 929 3655 variis,
953 3603 1059 3658 quorum
1077 3590 1126 3644 isle
1144 3593 1226 3658 potis-

184 3672 227 3725 11.
247 3671 372 3740 scissas]
391 3672 455 3725 Lub.
470 3673 578 3725 sillan.
595 3673 655 3725 sai·
689 3673 768 3725 simus
792 3687 842 3740 quo
867 3673 929 3726 dcos
950 3674 1014 3726 talos
1032 3675 1111 3742 capiis
1130 3679 1157 3728 si
1174 3676 1226 3730 clr-

116 3771 174 3818 σας.
211 3758 242 3809 ln
260 3757 331 3811 llon.
357 3756 464 3809 alterum
489 3771 505 3807 σ
530 3771 604 3823 supra
623 3757 655 3808 li·
690 3758 849 3824 cumscriptio
866 3758 993 3810 homiuum
1013 3759 1138 3812 uerutus
1156 3774 1226 3814 com-

115 3855 190 3895 ossor
210 3841 327 3894 babclur.
354 3842 416 3894 blor
429 3840 502 3898 Bodi.
519 3841 534 3893 1
550 3838 654 3906 lapion.
690 3840 820 3894 mandat.“
847 3841 919 3906 Quod
937 3844 972 3894 ait
987 3841 1114 3897 Eusebius
1131 3843 1226 3912 Pracp.

185 3923 228 3983 12.
243 3923 654 3994 psudoddkou21iiallsnd.(cum
690 3939 729 3978 er.
749 3926 778 3979 V.
797 3926 856 3981 c.2
880 3925 1004 3993 „stolidos
1023 3930 1050 3980 si
1064 3928 1151 3981 iacsscs
1171 3930 1226 3982 sul·
1297 3928 1301 3936 '

115 4008 450 4078 summonitionem)
477 4007 657 4078 paadodo'faa
690 4022 745 4063 mos
769 4025 783 4063 s
806 4009 970 4065 daemonibus
992 4011 1020 4064 iu
1044 4025 1159 4065 errorem
1184 4013 1226 4065 in·

115 4093 218 4148 sitim
420 4091 426 4101 ‘
691 4092 748 4148 duci
782 4095 873 4178 nascio·
903 4097 994 4165 quibus
1035 4095 1227 4150 simulacrorum
1261 4146 1267 4153 .
