2708 4666
464 199 614 263 ORATIO
637 200 693 263 AD
718 199 914 267 GRAECOS.
1183 207 1246 277 181

136 374 166 432 et
184 371 272 435 eirea
291 385 486 449 gyneeoeum
510 371 661 434 indeeore
688 389 747 468 uos
777 377 901 452 geritis.
952 377 1125 445 Praxillum
1151 382 1245 462 enim,

133 497 209 558 qaae
230 479 313 543 nihil
342 481 421 544 utile
451 482 642 543 earminihus
671 484 766 562 dixit,
811 502 943 546 aeneam
974 486 1050 549 lecit
1075 488 1245 574 Lysippus,

129 588 337 651 Learehidem
359 591 582 669 Menestratus,
606 592 736 670 Sappho
756 596 956 656 meretricem
979 595 1131 678 silanion,
1149 599 1244 663 llriu-

127 718 195 761 num
217 699 368 767 Lesbiam
395 699 581 778 Naucydes,
614 701 782 780 Myrtidem
810 703 960 783 Boiseus,
1000 705 1091 784 Myro
1115 707 1244 786 Byzan·

127 810 200 871 thur
224 807 470 887 Cephisodotus,
493 810 733 888 Praxigoridem
757 811 916 890 Gomphos
939 817 972 874 et
1003 814 1086 876 Clito
1108 816 1244 896 Amphi·

126 922 257 981 etratus.
302 919 384 989 Quid
406 921 488 980 enim
512 921 611 981 dioam
632 922 671 980 de
689 922 805 999 Anyta‚
835 922 989 983 Telesilla
1017 928 1050 983 et
1079 925 1243 1002 Mystidet

126 1029 250 1091 Primae
272 1031 355 1093 enim
367 1028 582 1114 Euthyeratea
599 1033 632 1090 et
658 1029 902 1110 Cephisodotus,
931 1036 1087 1095 secundae
1109 1035 1243 1097 Nieera·

126 1143 184 1218 tus,
204 1140 325 1201 tertiae
342 1139 548 1201 Aristodotus
563 1140 693 1218 opilieee
711 1140 852 1202 luerunt:
874 1141 1116 1205 Moesiarehidis
1130 1143 1243 1224 llphe·

125 1249 190 1313 me
209 1246 435 1328 Euthycrates,
465 1249 623 1311 Corinnae
648 1248 799 1328 Silanien,
833 1249 1052 1314 Tholarehidis
1080 1254 1243 1318 Archivae

125 1358 349 1438 Bothymates.
399 1358 465 1420 llas
487 1375 657 1421 reeensere
684 1360 790 1437 volni,
819 1377 859 1420 ne
882 1363 957 1437 quid
978 1363 1053 1424 novi
1076 1365 1162 1442 apud
1183 1381 1242 1427 neu

129 1469 317 1533 monetis
343 1468 423 1546 lieri,
447 1470 542 1547 atque
566 1470 611 1545 ut,
636 1468 841 1531 obuersantia
863 1470 964 1531 oeulis
987 1471 1131 1533 instituta
1155 1491 1242 1534 oom-

125 1582 286 1658 pmutes,
321 1595 378 1640 eas
405 1595 486 1655 quae
510 1579 595 1656 apud
622 1594 680 1639 nos
714 1579 981 1658 philosophantur
1009 1597 1072 1642 non
1104 1582 1243 1643 irridea-

127 1689 175 1751 tis.
226 1689 277 1751 llo
304 1687 435 1766 Sappho
464 1688 588 1764 quidem
620 1691 671 1749 est
701 1691 853 1750 meretrix
874 1691 908 1750 et
928 1690 1085 1767 impudica
1109 1690 1241 1752 mulier-

128 1799 211 1877 eula,
253 1815 293 1861 ae
319 1815 407 1859 suam
437 1799 538 1876 ipsius
573 1799 737 1859 lasciviam
768 1800 870 1875 oanit;
909 1801 944 1861 at
970 1816 1079 1881 omnes
1107 1800 1242 1879 pudieao

127 1909 208 1987 apud
227 1924 288 1971 nos
311 1910 401 1985 sunt,
443 1911 476 1968 et
499 1910 617 1970 eireum
636 1909 709 1969 oola
736 1909 889 1987 virgines,
921 1910 1020 1970 multe
1042 1909 1241 1987 praeelarius

128 2035 215 2095 qum
234 2021 345 2079 vestra
367 2018 425 2079 illa
447 2017 570 2096 puella,
607 2018 714 2079 divina
741 2019 871 2081 eraeula
896 2018 1109 2096 pronuntiant.
1154 2018 1240 2087 Qua-

128 2130 256 2209 propter
275 2129 400 2207 'pudere
420 2145 478 2190 vos
504 2129 610 2206 dehet,
648 2129 733 2204 quod
753 2128 816 2205 ipsi
837 2128 961 2202 quidem
985 2126 1239 2187 muliercularum

131 2237 272 2319 diseipuli
294 2238 375 2317 sitis,
397 2240 547 2300 mulieres
575 2240 680 2299 autem
703 2239 814 2298 nostro
836 2236 980 2297 instituto
1001 2236 1146 2296 addictas
1170 2252 1239 2298 eum

132 2348 316 2411 solemnibus
351 2365 431 2426 quas
471 2349 589 2411 obeunt
624 2347 831 2411 eonveutibus
868 2345 1049 2421 exagitatis.
1109 2344 1240 2415 Qualem

190 2737 230 2791 12.
243 2735 472 2808 Mmompztdoe]
485 2734 663 2792 Praemillitur
698 2731 807 2801 κίππην
830 2731 909 2801 lipsa.
952 2733 1029 2787 lllale.
1073 2733 1112 2785 De
1136 2729 1240 2801 Sappho

133 2816 232 2877 hPar.
258 2822 283 2878 1.
306 2823 324 2878 2
346 2827 373 2878 el
397 2824 457 2878 het
477 2822 614 2885 dilatando
632 2818 663 2876 ei
698 2820 766 2872 enim
784 2833 868 2873 sermo
887 2823 935 2873 est.
964 2818 1113 2872 Gesnerusz
1132 2815 1241 2883 „Quod-

131 2897 330 2977 heptasemo.
367 2910 419 2964 Sed
429 2911 479 2964 iam
495 2915 585 2963 antea:
599 2903 662 2976 'Ap-
698 2906 722 2959 si
740 2906 780 2957 eui
806 2920 857 2958 non
880 2905 964 2974 placet
993 2905 1096 2973 Sappho
1120 2899 1240 2970 γύναιον

133 2994 277 3063 ptorpoeree
295 2992 410 3050 distem.
698 2990 773 3042 simul
791 2994 817 3042 et
834 2991 925 3065 muido
944 2989 1079 3053 nominari,
1096 2989 1122 3040 h.
1142 3001 1165 3037 e.
1181 3001 1240 3038 mo-

190 3131 224 3185 13
281 3128 288 3150 t
317 3124 325 3147 ι
349 3126 357 3146 .
378 3123 392 3147 u
598 3126 606 3143 ,
696 3076 838 3129 ltereulom
862 3078 888 3127 et
911 3075 1042 3142 puellum,
1065 3073 1088 3123 is
1105 3085 1152 3139 pro
1170 3087 1239 3122 και-

226 3149 290 3185 ’ω
308 3148 348 3184 n
376 3140 446 3198 ww
473 3126 663 3197 ‘mmmm'
697 3159 750 3221 ὅδε
767 3160 836 3226 legat
856 3157 1017 3220 nucerinus
1052 3154 1105 3208 Sed
1120 3154 1240 3207 motatio·

130 3214 169 3318 “J
187 3216 221 3271 H·
242 3233 266 3319 ἶ
284 3221 381 3320 ἕψε
401 3214 506 3268 mm*
517 3215 571 3315 ,M
585 3217 662 3269 “m
697 3261 730 3299 ne
748 3261 799 3299 uon
818 3249 859 3298 est
875 3259 952 3313 opus:
977 3244 1053 3296 eliam
1078 3238 1189 3309 puellam
1207 3239 1240 3293 ll·

130 3319 173 3366 ''⁶
189 3321 247 3372 ²⁶⁰
274 3321 344 3372 ’¹¹⁴⁴'
362 3305 578 3370 ⁹¹²⁰⁰⁰⁹⁰¹²⁶⁰¹⁶
596 3301 627 3353 0‘·
639 3317 661 3353 ⁰·
698 3330 772 3385 ceno
786 3327 906 3398 γύναια,
925 3328 1001 3394 (nuc.
1019 3325 1063 3392 22,
1074 3323 1109 3379 ee
1121 3324 1175 3394 sq.)
1193 3338 1240 3394 ap-

126 3386 163 3442 32
181 3406 208 3446 ¹²⁰
227 3387 270 3443 1²·
696 3414 802 3484 pellere.
829 3415 898 3483 Pape
924 3410 1130 3466 Houdeodrterl.
1155 3411 1181 3463 d.
1200 3427 1241 3479 pr.

123 3516 127 3522 ’
188 3506 233 3562 14.
251 3502 457 3576 Ῑκφυνήματα]
476 3506 536 3560 hel.
553 3506 661 3562 etFria.
697 3501 761 3568 Spe.
782 3500 853 3554 Tem.
877 3499 899 3553 1.
927 3513 952 3568 p.
978 3496 1045 3551 lae:
1077 3491 1175 3564 „l'v'm
1201 3494 1243 3564 [ut

125 3593 190 3664 (arn
224 3609 306 3662 eoque
342 3593 454 3646 Gesner.
486 3594 512 3645 et
542 3590 661 3658 lietold.)
697 3587 847 3640 Latinorum
873 3582 979 3652 medin]
1001 3582 1047 3637 dus
1071 3582 1162 3647 Weih,
1195 3595 1242 3632 ru-

123 3677 332 3749 ὶιηωὴματα,
371 3693 445 3747 quem
472 3690 588 3730 errorem
617 3676 663 3740 (ei.
698 3672 790 3724 nichol
819 3671 856 3724 ale
889 3669 1035 3736 Cegensalz
1060 3666 1107 3721 des
1132 3665 1241 3717 hlaunes

123 3781 143 3820 e.
159 3767 186 3820 d.
204 3782 234 3821 n.
253 3766 299 3834 17)
327 3765 376 3816 iam
398 3762 532 3815 Gesnerus
555 3765 582 3813 et
601 3761 662 3813 Ste-
698 3758 743 3825 (ll.
761 3757 812 3809 xv.
834 3754 885 3809 683
901 3771 926 3807 ιι.
946 3754 1043 3819 sonui),
1067 3753 1134 3804 ohne
1153 3750 1243 3801 Rucu-

120 3853 219 3920 phauus
236 3850 254 3903 l.
272 3866 294 3903 e.
312 3864 339 3918 p.
359 3847 410 3901 llo
435 3851 564 3901 notarunt.
599 3844 663 3899 Edi·
698 3844 764 3895 sieht
790 3842 835 3893 aul
856 3840 930 3893 Alter
955 3835 1008 3892 und
1035 3836 1127 3889 darauf
1148 3834 1180 3886 oh
1204 3833 1242 3886 sie

120 3940 190 3991 teres
204 3935 264 3989 inde
278 3952 292 3988 a
307 3933 416 3989 diorello
430 3948 515 3986 rernm
528 3931 664 3984 lectionem
699 3927 873 3980 verheirathet
897 3927 932 3977 ist
949 3924 1013 3976 oder
1029 3919 1128 3975 nieht.“

117 4025 283 4091 ruotpertum.
299 4048 335 4081 -‚·
370 4018 412 4072 Ad
428 4018 506 4071 verbe
529 4017 580 4084 τῆς
598 4010 664 4082 παρ’
768 4010 811 4064 15.
829 4001 997 4077 πανηγύρει]
1024 4007 1093 4061 Fris.
1117 4006 1144 4058 iu
1161 4015 1241 4067 murs.

118 4100 187 4176 ὁμο
201 4101 306 4169 παιδὸς
319 4103 402 4159 emi
417 4105 446 4157 ia
458 4118 553 4171 merga
573 4102 664 4155 Pleu·
702 4090 845 4166 ineptae.
