2708 4666
433 178 583 242 omnnio
605 180 661 241 AD
685 178 880 244 GRAECOS.
1173 182 1213 249 41

101 353 272 434 mysteria:
309 349 409 413 Ceres
437 350 534 415 ffliam
560 351 666 430 luget,
702 352 886 434 etquidem
916 368 975 434 per
1003 353 1214 419 Athenienses

102 463 309 541 decipiuntur.
364 460 400 520 ln
428 462 548 539 templo
577 460 732 522 Latoidae
761 465 814 524 est
840 463 930 525 locus
959 464 1013 542 qni
1042 466 1214 545 Omphales

60 558 64 633 j
103 572 231 633 dicitnr:
255 566 428 648 Omphales
452 572 556 631 autem
583 571 764 648 sepulcrum
790 576 842 633 ost
869 570 994 634 Bacchi
1049 574 1159 637 Laudo
1180 579 1214 639 te

61 638 65 743 1
103 698 199 758 nnnc,
241 696 261 741 o
291 678 441 758 Daphne:
481 675 567 740 victi
593 679 753 757 Apollinis
784 678 1026 761 intemperantiai
1051 680 1215 747 convicisti

61 786 65 853 2
104 792 170 852 eius
194 788 436 866 divinationem,
467 790 584 867 quippo
610 806 703 866 quum
732 791 782 850 rei
808 790 868 851 tibi
890 794 1063 853 eventurae
1085 793 1215 870 ignarus

107 898 238 961 irnctnm
261 915 303 959 ex
325 900 396 959 arte
417 915 475 960 eun
500 913 563 960 non
581 901 772 977 perceperit.
818 899 912 961 Dicat
932 900 1009 961 mihi
1028 918 1109 961 nnnc
1136 902 1215 963 emi-

54 1006 65 1097 :¹
107 1024 159 1069 nus
185 1007 331 1069 mentam
358 1006 495 1085 Apollo,
541 1008 696 1083 quomodo
725 1007 935 1087 Hyacinthum
965 1010 1134 1088 Zephyrus
1157 1026 1217 1073 oo··

55 1168 66 1181 .,
108 1117 224 1179 citerit
269 1114 435 1200 Zephyrus
458 1133 528 1177 eum
547 1116 638 1192 vicit3
667 1118 717 1194 et,
738 1134 832 1194 quum
851 1119 991 1196 tragicus
1014 1127 1110 1199 pocta
1129 1119 1215 1181 ticet

10 1266 14 1299 ,.
64 1282 67 1291 ,
155 1298 164 1311 ⁰
259 1222 352 1287 Auro
374 1222 506 1289 deornm
526 1220 704 1287 uehiculum
716 1223 996 1307 pretiotissimum,

10 1302 14 1401 Ι.
57 1356 67 1381 ¹·
109 1337 172 1414 ipse
192 1337 233 1397 ab
257 1335 374 1413 exigna
397 1348 475 1396 anre
498 1335 600 1395 victus
624 1335 765 1412 perdidit
786 1353 878 1412 quem
899 1338 1034 1398 emebat.

187 1556 217 1615 e.
247 1554 342 1616 'iales
374 1558 447 1617 eunt
478 1557 665 1631 daemonem
711 1555 744 1615 hi
773 1559 846 1617 sunt
871 1557 925 1632 qui
952 1554 1052 1616 fatum
1083 1556 1215 1615 definie-

108 1669 185 1725 runt.
224 1664 422 1727 Elementnm
442 1668 547 1729 antem
567 1666 607 1725 iis
634 1664 696 1726 thit
721 1666 900 1727 animalium
927 1666 960 1725 in
990 1665 1081 1727 coelo
1111 1665 1215 1725 colto-

63 1796 65 1823 ι
109 1776 196 1837 aetio.
246 1775 326 1835 Nam
349 1775 515 1852 animalia,
553 1774 735 1851 quibuscum
760 1778 852 1838 coelo
878 1776 972 1837 eiecti
993 1776 1161 1853 degebant,
1183 1773 1216 1834 in

63 1862 67 1917 -ἰ
109 1885 200 1945 terris
227 1885 373 1964 repentia
403 1886 456 1944 vet
487 1884 519 1943 in
547 1885 637 1960 equis
659 1885 800 1945 natantia
821 1887 875 1948 vet
899 1886 932 1946 in
955 1886 1112 1947 montibus
1135 1900 1216 1960 qna·
1337 1870 1340 1874 ⁵

110 1993 282 2073 irnpenes,
317 1992 452 2055 coelesti
477 1992 598 2054 honore
627 1993 748 2071 dignati
771 1997 861 2075 sunt,
905 1997 941 2056 ut
967 1995 1030 2073 ipsi
1056 1996 1089 2054 in
1124 1992 1215 2053 coelo

110 2105 229 2165 vomeri
254 2103 510 2164 existimarentur
531 2105 564 2162 et
592 2103 688 2163 vitam
719 2104 752 2163 in
775 2106 863 2165 terra
890 2104 1057 2163 aratione
1082 2102 1216 2161 alienam

10 2256 13 2264 .
109 2213 220 2274 rationi
246 2215 487 2274 consentaneam
516 2228 589 2272 esse
617 2229 677 2292 por
705 2213 843 2273 siderum
870 2211 1057 2292 positionem
1081 2226 1216 2288 persna-

10 2364 13 2373 ·
111 2321 225 2384 terent
270 2320 380 2400 ltaque
402 2322 560 2384 animosus
579 2323 612 2383 et
630 2321 754 2399 laesus,
783 2325 816 2382 et
842 2325 1023 2403 temperans
1046 2323 1079 2382 et
1102 2320 1216 2382 intem·

110 2550 179 2604 mum
195 2537 248 2592 subt
264 2540 410 2608 morabot,
420 2540 591 2594 raticinotrix.
615 2540 645 2593 Si
678 2539 819 2594 nocentior
836 2544 886 2594 etc.
901 2536 1073 2606 “eupatoria
1091 2533 1150 2590 ἐστι
1166 2534 1219 2604 τῆς

10 2647 43 2681 -,
69 2666 71 2671 .
111 2622 173 2677 omn
189 2623 279 2689 ¹iatum
303 2623 441 2689 Hyacinthi
463 2625 512 2679 eibi
537 2623 645 2677 adamati
680 2621 892 2694 restaurationes
906 2624 1075 2694 μοχθηρίας.
1093 2618 1218 2688 Zo'ocra,

62 2694 65 2737 ⁸
110 2709 263 2775 maome
273 2707 377 2779 Apollo,
389 2711 537 2778 neutiquam
549 2708 645 2764 discum
678 2711 826 2778 cimitcobo
848 2727 872 2764 s.
892 2712 1033 2778 coimotto,
1054 2711 1072 2763 i.
1090 2725 1116 2778 q.
1135 2707 1219 2777 (eos-

10 2796 14 2831 ²
108 2791 174 2848 itu
187 2794 331 2859 emisisset,
347 2809 422 2863 quom
436 2795 569 2863 Zephyrus
584 2796 647 2847 fletu
681 2797 750 2863 ner.)
775 2796 840 2849 sitne
858 2795 900 2850 ret
914 2794 1013 2863 igunae
1031 2795 1175 2849 animalium
1191 2792 1219 2847 tn

109 2892 152 2932 sec
182 2879 210 2933 tn
242 2882 320 2949 caput
350 2879 485 2945 Hyacinthi
511 2880 647 2946 convertit,
681 2880 763 2934 coeto.
799 2881 838 2934 ct.
857 2897 879 2934 o.
897 2880 923 2934 8.
942 2897 968 2951 p.
986 2879 1048 2936 117.
1066 2880 1100 2934 Δ.

107 2977 264 3033 prorumpe
282 2964 420 3019 interemit.
456 2964 553 3018 Eodem
572 2963 647 3018 moto
748 2965 774 3021 2.
791 2963 979 3035 γιγιιημέιοι]
996 2965 1105 3020 Herotd.
1126 2980 1218 3033 yepes·

109 3047 253 3117 Apollinem
269 3049 423 3117 perstringit
440 3050 597 3119 Theophilus
616 3049 648 3103 ad
680 3049 806 3121 oppium.

34 3098 62 3167 1
111 3132 169 3185 hue
186 3132 220 3202 [Ι.
237 3148 261 3187 c.
278 3131 307 3203 9]
325 3137 444 3202 unquam
462 3131 514 3189 τὸν
529 3127 647 3189 ‘nustv-
750 3129 1040 3203 3.ιι1ιὴιᾶιιγιι
1064 3131 1126 3199 etc]
1151 3132 1219 3184 Doc-

58 3184 63 3271 1
111 3217 167 3277 θον
187 3215 280 3286 μόρον
305 3214 473 3287 o’ysooinu.
513 3220 646 3275 Wortbor.
681 3234 770 3275 mones
802 3236 860 3289 per
888 3219 1039 3273 siderum
1069 3217 1106 3286 [in
1140 3217 1221 3271 torma

109 3332 143 3345 -
167 3304 209 3360 ci.
237 3306 320 3372 Pauly
349 3305 367 3361 Ι.
392 3322 415 3359 c.
447 3304 519 3359 Tem.
544 3305 594 3362 111.
621 3322 646 3376 p.
682 3305 837 3374 animalium]
854 3304 1067 3376 positionem
1081 3302 1221 3371 perfecisse

109 3389 188 3445 1631.
683 3390 744 3443 dicit
760 3394 790 3443 nt
807 3391 858 3443 vite
876 3405 891 3442 n
915 3389 1014 3442 ratione
1031 3389 1113 3442 alieno
1130 3389 1221 3442 rationi

176 3473 222 3530 23.
240 3469 561 3545 Αὕρα...τιμιιὶιαιιι]
581 3475 648 3530 Tra·
683 3478 855 3530 consentanea
878 3474 1018 3541 videretur,
1042 3475 1100 3543 qnia
1122 3473 1222 3529 sossioct

25 3528 29 3585 ι
108 3560 159 3629 ptri
189 3562 283 3616 incerti
310 3563 497 3629 manentum:
545 3562 648 3615 Pooter.
683 3575 732 3631 por
756 3560 866 3613 tobnlnm
888 3560 1022 3630 positionis
1047 3559 1160 3614 siderum
1182 3560 1221 3613 ia·

10 3658 12 3663 '
52 3672 56 3693 ι
108 3651 175 3715 trag.
192 3661 294 3714 mccc.
319 3648 435 3714 iragmrn.
462 3647 502 3701 cd.
527 3649 650 3715 Wagner,
683 3651 738 3699 tum
755 3645 918 3712 induxerunt,
937 3650 972 3712 ot,
990 3647 1044 3699 sive
1062 3647 1120 3715 qnis
1139 3645 1221 3699 virtu·

53 3728 56 3793 ζ
110 3733 165 3787 vo
195 3732 237 3787 111
268 3732 385 3800 (Vratiel.
417 3731 498 3801 1818)
538 3750 564 3803 p.
590 3731 649 3785 2³8.
685 3735 737 3786 tem
753 3732 820 3785 eolat
837 3733 891 3786 eive
909 3732 1017 3785 vitiosus
1041 3732 1084 3798 sit,
1110 3730 1146 3784 ab
1163 3730 1222 3784 iis·

58 3818 63 3879 Ξ
109 3817 253 3873 Bmmnim
287 3819 356 3872 inter
385 3817 523 3888 Euripiden
554 3818 650 3871 retulit.
685 3817 755 3871 (tem
789 3817 977 3884 geniturae
1010 3817 1222 3883 guberuato-

59 3898 64 3973 ᾗ
180 3904 206 3957 1.
240 3902 435 3972 Στοιχιίωσιι]
484 3904 651 3971 Principium
685 3902 786 3955 ribus
804 3902 862 3956 telis
878 3902 1048 3968 exstititnon
1061 3901 1223 3970 propriaru-

60 3976 64 4037 l
111 3990 239 4057 (worth)
266 3991 308 4045 cni
331 3988 457 4044 intiticam
481 4004 535 4042 rem
559 4003 651 4057 snper·
685 3987 791 4043 lnnhtc.
816 3987 915 4041 Similia
932 3986 1052 4040 hahemus
1065 3984 1149 4055 paullo
1164 3989 1223 4037 unte

49 4108 67 4607 t
112 4075 254 4130 struebant.
291 4076 321 4128 G.
350 4074 399 4128 1⁷:
430 4074 488 4128 τῶν
510 4070 596 4143 ῥιζῶν
620 4071 652 4127 ot
687 4089 708 4127 c.
733 4070 759 4126 8.
782 4070 925 4127 hierom.
941 4098 972 4111 -
1008 4070 1048 4125 ct.
1069 4086 1091 4123 c.
1110 4068 1136 4124 8.
1152 4084 1179 4123 n.
1195 4066 1221 4122 t.
