2708 4666
344 48 441 153 “ri

321 152 394 286 s'
425 203 816 278 unumunurm.
922 236 928 243 -
1116 180 1184 280 ni·

68 398 139 446 cem
163 374 322 467 proferre
356 375 573 449 sudum.
642 373 762 468 ltaque
789 378 826 447 id
859 381 919 472 egi
952 388 991 447 ut
1022 390 1183 449 accurato

65 501 310 573 commentario
346 522 436 595 opus
463 502 668 573 lutraercrn
706 513 811 594 atque
843 504 880 572 in
910 506 1001 574 iusto
1029 506 1182 576 brevita-

63 631 103 699 tia
130 628 247 698 studio
268 626 358 697 nibil
384 630 693 721 praetermitterem
723 629 819 719 qnod
853 630 899 698 ad
933 653 1008 699 rom
1042 631 1182 702 faceret.

63 792 111 809 -··
136 754 330 824 Scholia
352 756 634 847 praestantissimi
657 755 786 825 codicis
809 756 956 825 Parisini
975 780 1082 848 supra
1104 778 1188 826 mc·-

63 882 196 967 morati‚
220 881 315 949 band
338 878 485 972 indigna
506 883 646 950 omnino
673 906 763 972 quae
784 883 970 976 prodeant,
996 905 1088 954 nuuc
1104 884 1179 975 pri·

64 1032 156 1077 mum
176 1010 314 1101 integra
339 1006 443 1076 edidi.

160 1134 327 1204 Verrio
360 1144 413 1203 ert
443 1132 665 1221 Maraniuns,
717 1134 897 1226 permultis
931 1137 1018 1204 locis
1060 1159 1083 1203 a
1122 1157 1181 1205 me
1288 1151 1291 1156 ’

63 1261 258 1343 emendam
296 1260 493 1352 saepissime
526 1259 630 1328 effeci
663 1269 701 1327 ut
729 1283 819 1329 nora
846 1261 919 1331 iero
950 1272 1179 1354 compareret.
1331 1344 1334 1349 ,

159 1387 343 1457 ludices
375 1388 561 1455 verborum
597 1394 657 1453 aut
694 1394 853 1476 posterae
886 1387 990 1454 aetati
1020 1397 1079 1456 aut
1104 1388 1186 1456 Ta·-

63 1516 152 1583 tiano
174 1514 398 1606 propriomm
419 1512 714 1601 formularumquc
731 1510 897 1600 loquendi
915 1521 1034 1579 notatu
1052 1512 1180 1604 digua-

63 1663 145 1725 mm,
172 1663 289 1707 rerum
313 1638 590 1709 memorabilium
620 1646 868 1725 auctorumque
899 1647 1178 1724 memoratorum,

64 1767 217 1835 locorum
250 1767 430 1834 citatorum
464 1764 598 1833 confeci
626 1786 728 1852 qaam
759 1761 1019 1854 diligentissime
1041 1774 1180 1858 poterat

65 1893 143 1961 lieri.

160 2019 332 2107 Denique,
355 2026 394 2086 ut
418 2019 519 2086 etiam
544 2018 614 2085 boo
635 2016 772 2102 addam,
797 2016 857 2083 ubi
882 2026 975 2085 me'as
993 2015 1039 2084 ad
1059 2017 1180 2087 lustini

65 2144 151 2212 Phil.
178 2154 216 2213 et
253 2142 358 2212 Mart.
393 2141 512 2235 Opera
542 2150 641 2211 notas
679 2141 836 2226 laudari,
877 2165 957 2211 usus
992 2165 1067 2211 sum
1101 2142 1178 2212 edi·

66 2272 153 2340 tione
179 2271 297 2339 altera.

225 2461 291 2549 Π.
330 2462 399 2548 lic
430 2458 657 2549 codicibus
682 2459 1011 2577 manuscriptis.

157 2631 393 2722 Reperiuntur
416 2629 536 2711 bodie,
561 2626 656 2719 quod
682 2628 798 2711 sciam,
822 2650 881 2696 sex
897 2625 1072 2697 Orationis
1100 2627 1187 2699 Ta·-

67 2759 140 2828 tiani
166 2756 305 2828 codices
328 2778 432 2827 manu
454 2754 602 2827 cruat:
628 2765 696 2822 tres
723 2753 759 2821 in
773 2753 883 2840 ltalia,
912 2752 984 2823 duo
1009 2754 1045 2823 in
1061 2753 1176 2825 Frau-

69 2887 134 2971 cia,
159 2907 248 2953 unus
280 2884 316 2950 in
344 2880 495 2973 Angliar
535 2879 672 2951 accedit
697 2880 875 2971 septimus,
912 2881 971 2970 qui
998 2903 1041 2953 ex
1065 2881 1177 2953 oculis
1257 2947 1266 2971 ‚

70 3010 208 3078 evanuit.

157 3136 185 3203 l.
215 3132 337 3202 Codex
372 3130 566 3203 Parisinus
586 3129 791 3200 CLXXIV
803 3129 852 3224 ⁸¹¹),
872 3130 956 3198 olim
978 3131 1077 3201 1358
1104 3141 1180 3202 tum

64 3262 171 3346 2919,
195 3258 333 3328 Parisiis
361 3257 396 3325 in
421 3256 643 3329 Bibliotheca
669 3256 979 3348 Francogallorum
1003 3258 1178 3330 Nutionali

62 3395 256 3466 asservatus,
282 3384 560 3454 membranaceus
584 3382 716 3453 formae
735 3381 933 3473 quadratae,
959 3384 1177 3457 Fontcblan-

62 3513 182 3599 densis,
212 3511 375 3580 foliorum
401 3508 486 3594 190,
516 3510 596 3578 loeo
622 3506 807 3579 undecimo
830 3506 952 3601 viginti
976 3510 1062 3581 folia
1077 3535 1178 3582 com-

61 3640 175 3730 plente
219 3636 298 3726 (fol.
334 3635 428 3720 112,
465 3634 659 3720 a-132‚
694 3634 732 3725 a)
776 3630 1047 3707 Orationem
1090 3639 1178 3708 Ta-

60 3766 175 3834 tiani
214 3762 368 3855 praebet.
407 3760 575 3830 'Titulus
603 3760 829 3853 praeligitur:
896 3768 1065 3835 Toreanoi
1092 3767 1177 3854 πρὸς

125 4015 150 4079 ’J
169 4013 299 4068 llarlcs
328 4014 354 4066 in
376 4013 486 4068 Fabricii
510 4008 631 4063 Bibliotb.
660 4025 698 4079 gr.
728 4009 781 4061 Vol.
808 4009 863 4063 l'll.
891 4026 916 4079 p.
938 4005 973 4062 89
998 4012 1025 4061 st
1048 4007 1178 4061 Daniel
1298 4016 1317 4088 J

61 4097 164 4150 Tatina.
190 4101 214 4151 d.
242 4100 318 4169 Apol.
343 4115 368 4168 p.
392 4098 427 4153 78
446 4096 514 4151 bunc
546 4095 657 4150 codicem
685 4109 817 4165 perperam
844 4108 950 4150 nuncto
979 4093 1106 4149 clxxx!
1134 4094 1176 4146 iu·

60 4183 181 4248 signiuat.
