2708 4666
375 225 526 288 ORATIO
549 227 607 287 nl)
629 225 825 290 GRAECOS.
1117 224 1160 293 85

134 400 180 461 tt.
201 387 271 459 Vos
292 398 414 475 autem,
445 399 498 474 qui
519 398 600 459 haec
623 416 685 461 non
707 400 899 479 perspicitis,
934 402 1077 481 anobis,
1108 402 1161 478 qui

66 509 172 587 tanus,
194 507 379 569 erudimini:
415 510 573 584 utcunque
603 513 736 569 mortem
765 527 784 570 a
817 510 909 570 vobis
943 512 1098 571 contemni
1128 513 1162 571 et

62 618 266 679 mtinentiam
290 619 436 678 exoroeri
462 618 585 678 dicatis.
637 620 743 679 Vestri
766 621 847 680 enim
873 619 1059 698 philosophi
1090 622 1162 678 tan-

59 732 111 789 trm
138 729 256 788 absunt
277 727 321 787 ab
351 726 413 787 bae
442 729 689 805 exercitatione,
723 733 758 789 nt
781 731 947 806 quotannis
975 729 1118 790 nonnulli
1144 745 1163 788 ε

55 841 255 900 Romanorum
290 853 369 914 rege
412 841 580 898 sexcentos
623 856 738 899 aureos
773 841 930 918 accipiant
967 841 1008 898 ad
1045 839 1164 899 nullum

54 950 136 1009 inem
153 948 284 1023 utilem,
313 963 353 1006 ne
376 946 499 1006 seilicet
520 948 573 1006 vel
606 948 736 1009 barbam
763 951 864 1027 gratis
891 951 1080 1028 promissam
1104 966 1164 1027 ge·

52 1062 125 1119 rut.
170 1056 329 1117 crescam
348 1056 489 1133 quidem,
539 1057 590 1132 qui
619 1058 650 1116 in
677 1076 789 1136 magna
819 1060 899 1120 urbe
920 1059 1025 1120 nidum
1047 1059 1165 1138 posuit,

51 1185 217 1247 puerorum
232 1182 351 1226 ‘amore
377 1181 485 1226 omnes
507 1168 689 1245 superabat,
715 1170 748 1227 et
767 1172 919 1246 pecuniae
939 1170 1044 1229 studio
1062 1169 1163 1229 omni-

52 1296 88 1339 uo
105 1278 255 1338 addictus
278 1279 357 1336 erat.
414 1275 480 1335 lste
516 1279 620 1336 autem
651 1279 762 1336 mortis
792 1280 966 1338 contemtor
994 1280 1038 1338 ita
1062 1280 1164 1356 ipsam

53 1388 209 1448 metuebat
230 1389 379 1464 mortem,
416 1387 452 1447 ut
473 1385 609 1464 Iustino,
646 1403 708 1446 nou
734 1403 827 1446 secus
851 1404 888 1446 ao
911 1389 1004 1466 mibi,
1033 1392 1164 1448 mortem

54 1498 147 1559 veluti
171 1497 289 1558 malum
318 1495 599 1556 machinationibus
625 1495 744 1555 inferre
765 1500 896 1556 conatus
920 1498 972 1574 sit,
1003 1499 1077 1573 qnia
1106 1514 1165 1556 ve-

56 1610 175 1669 ritatem
206 1606 398 1686 praedicans
422 1606 518 1683 gulae
552 1608 584 1665 et
615 1605 736 1666 fraudis
762 1607 972 1685 philosophos
1000 1607 1165 1684 arguebat

59 1900 186 1969 Eretriam
211 1902 247 1955 11.
270 1919 292 1956 c.
318 1901 336 1956 4
359 1907 386 1954 ct
408 1902 590 1956 Constantino·
624 1917 712 1973 renus,
732 1904 823 1958 Daniel
840 1906 964 1972 (Totioo.
990 1906 1017 1958 o.
1041 1904 1118 1973 Aput.
1137 1921 1164 1974 p.
1238 1876 1244 1887 ἱ

60 1986 103 2053 pu
119 2003 159 2057 ap.
176 1987 296 2040 Pbotiunr
312 1987 450 2041 Nomocan.
469 2004 491 2041 c.
509 1987 535 2041 2.
549 1989 590 2040 tit.
625 1988 691 2058 io),
724 1991 881 2044 Semischins
905 1991 1012 2059 (Juutio
1034 1992 1059 2042 ri.
1082 1989 1166 2043 Mart

60 2070 125 2126 8.-
158 2073 212 2126 Ρῐο
229 2068 425 2135 tantominus
442 2072 544 2127 nioreii
565 2077 592 2125 et
624 2077 655 2129 Ρ.
673 2077 694 2128 Ι.
711 2092 737 2145 p.
757 2077 803 2144 53)
830 2076 952 2129 calculum
978 2075 1093 2128 criticum
1121 2074 1166 2127 ei-

62 2156 149 2211 tirran.
169 2155 359 2220 ἔηεοεεῦεαε.
625 2163 751 2215 iecerunt.
787 2163 891 2214 Literee
914 2180 936 2213 α
962 2164 988 2212 et
1005 2177 1040 2212 ου
1057 2174 1166 2227 saepes

120 2242 145 2296 6.
163 2243 360 2315 ααιοεραοελᾳ]
374 2245 416 2298 Sic
436 2260 469 2297 ex
486 2245 544 2298 Par.
565 2241 590 2298 1.
625 2248 736 2299 librariis
761 2249 956 2299 commutantur.
1012 2246 1073 2297 bion
1107 2245 1189 2297 Aet·

63 2327 121 2383 iet
145 2346 177 2383 ex
199 2329 316 2384 Eusebio
349 2331 461 2398 reposui.
510 2329 591 2395 Vulgo
626 2333 786 2401 περιλαβεῖν
802 2347 850 2401 pro
869 2331 1038 2400 περιβαλεῖν.
1052 2359 1088 2369 -
1110 2329 1167 2382 Eu-

64 2417 261 2488 εαιοεουοεείᾳ.
282 2446 319 2459 -
358 2417 420 2470 ilex
437 2416 498 2468 Aet.
516 2411 590 2468 aaa·
627 2420 713 2473 sebius
731 2433 793 2471 rere
818 2418 899 2470 iocum
925 2417 1029 2469 exbibet
1053 2416 1104 2483 pic:
1129 2409 1167 2478 cie

65 2519 111 2555 m
124 2519 172 2573 pre
189 2501 310 2565 πάντας.
626 2503 674 2559 καὶ
692 2500 843 2557 iunctione
866 2497 1038 2569 καθάπερ
1064 2498 1166 2569 μεγά-

120 2590 145 2642 7.
176 2586 314 2645 Θανάτου
348 2586 380 2643 ei
410 2582 425 2642 ὁ
449 2608 475 2641 ει.
500 2580 592 2650 nizea
626 2596 671 2661 ap
695 2592 795 2661 κακῷ
814 2589 853 2660 τῷ
868 2585 986 2659 &neiron
1006 2589 1167 2659 περιβαλεῖν

66 2671 141 2730 οεέδε
158 2672 181 2730 ἐ.
199 2695 225 2731 τ.
246 2674 290 2744 a]
310 2675 437 2728 Eusebius
455 2689 592 2744 perperam
626 2674 906 2747 πραγματεύσασθαι.
927 2674 990 2729 lude
1002 2679 1102 2730 textum
1115 2674 1166 2729 Ta-

67 2761 227 2832 interpeirrit:
246 2759 380 2816 Θανάτου
408 2758 439 2815 ot
464 2754 479 2814 ὁ
505 2778 592 2813 κατα·
626 2765 688 2817 tiani
706 2762 851 2816 mamutium
870 2778 927 2815 esse
951 2762 1033 2815 Henr.
1054 2761 1166 2830 Stepha-

67 2853 171 2913 φεοεελυ
195 2847 395 2918 συμβουλεύων
424 2848 502 2914 (baec
527 2848 591 2900 Due.
627 2866 675 2903 nus
701 2851 740 2918 (in
765 2850 927 2902 Praetutione
956 2847 1061 2900 editioni
1082 2847 1166 2916 Epist.

68 2937 163 3002 respit)
192 2932 286 2997 οὕτως
324 2929 412 2994 αὐτὸς
444 2935 515 3000 (boc,
543 2947 591 3003 pro
626 2933 1168 3003 edbiopn.praefixa)‚1)ucaeus,Tentze·

69 3015 158 3090 εεέόυ,
188 3022 314 3076 Pearsou.
345 3034 446 3089 quoque
478 3018 592 3087 admisit)
626 3022 675 3074 line
695 3021 870 3089 (Miscellann.
894 3018 1035 3070 ecclesiast.
1053 3017 1082 3069 P.
1102 3017 1123 3068 1.
1141 3032 1166 3085 p.

10 3132 12 3137 ·
69 3099 118 3160 tr.
136 3109 167 3160 θ.
626 3104 848 3175 22⁰),1tourrius
867 3103 977 3170 (Appar.
997 3099 1167 3152 adBibliotb.

121 3192 146 3247 Β.
165 3188 204 3255 cis
224 3191 274 3246 καὶ
291 3186 447 3246 'inamoena
461 3190 525 3258 etc]
547 3190 590 3241 lu·
627 3193 697 3246 itan.
721 3194 783 3244 vett.
809 3190 914 3241 Petrum
945 3187 974 3238 P.
999 3186 1021 3237 1.
1050 3200 1077 3253 p.
1103 3183 1167 3251 527)

69 3280 135 3333 titus
154 3280 231 3350 Apol.
256 3279 290 3331 ΙΙ.
317 3295 339 3331 ε.
364 3278 394 3332 3τ
436 3271 521 3344 Κάγώ
541 3267 593 3330 οὖν
627 3282 725 3330 temere
745 3277 916 3328 coniecerunt
940 3270 1067 3324 Eusebius
1082 3269 1169 3322 dein-

69 3366 202 3430 marone
220 3359 279 3418 riurei
299 3382 376 3425 τινος
399 3363 457 3416 reia
479 3358 593 3428 ω’νομα-
629 3362 725 3414 dustria
743 3360 844 3413 videtur
860 3359 942 3409 locum
960 3358 1010 3409 isto
1028 3356 1101 3408 modo
1122 3355 1168 3408 de-

69 3449 160 3514 obse
183 3449 426 3522 ἐπιβουλευθῆναι
449 3449 496 3502 καλ
522 3446 593 3520 ξύλῳ
629 3446 706 3500 disse.
752 3446 817 3499 itam
844 3444 922 3497 verba
955 3439 1086 3509 καθάπερ
1118 3440 1169 3497 καλ

70 3531 220 3606 inrupisse,
244 3529 263 3605 ἢ
290 3529 344 3590 κᾶν
373 3529 430 3589 ὑπὸ
457 3536 593 3602 Kotenna·
630 3529 675 3600 int
704 3531 768 3585 nihil
793 3530 924 3601 proposito
955 3530 1009 3583 eius
1041 3527 1169 3582 coniure-

69 3638 106 3684 τες
119 3625 170 3679 τοῦ
189 3618 361 3692 φιλοψόφου
384 3621 433 3676 καλ
457 3617 593 3690 mutuarin-
628 3621 709 3687 baut;
727 3617 837 3687 „probat
849 3617 915 3669 enim
931 3615 1056 3683 (Maron.)
1070 3629 1108 3666 ex·
1120 3615 1169 3669 boe

69 3723 121 3766 m.
629 3704 775 3757 testimonio
794 3704 920 3756 lustinum
949 3701 1049 3755 insidiis
1069 3717 1083 3753 a
1102 3701 1168 3753 cre-

121 3796 146 3850 t.
164 3790 216 3865 ὥς]
239 3793 319 3848 Codri.
338 3795 396 3849 mnu
415 3797 442 3846 et
461 3793 521 3846 eiiii
542 3783 593 3853 οὓς
627 3794 715 3843 scente
734 3789 838 3843 structis
857 3789 967 3840 occisum
985 3788 1081 3839 inisse:
1101 3785 1169 3854 quoi

69 3878 156 3936 abac
190 3882 260 3936 Fris.
277 3881 305 3932 in
321 3894 401 3946 marg.
419 3875 491 3932 eloe.
527 3875 593 3929 iliud
628 3875 695 3929 idern
713 3875 818 3927 Tatiauo
838 3888 889 3926 nou
908 3872 1021 3924 evenit.“
1120 3942 1133 3957 ἱ

69 3971 137 4020 nun
155 3961 195 4030 rie
214 3966 327 4019 Gesneri
344 3965 452 4019 debetur
463 3965 593 4016 coniectu·
699 3958 741 4013 10.
768 3960 879 4027 λίχνους
901 3977 927 4012 ε.
954 3952 1119 4016 ἀπατεῶνας
1142 3973 1167 4008 τ.

69 4064 110 4115 nr,
126 4055 165 4107 cui
183 4055 260 4106 etiarn
277 4053 424 4105 Peursonus
451 4042 538 4117 (,,οὸς
554 4049 595 4102 vel
631 4066 662 4113 φ.
688 4043 797 4114 nevit]
824 4044 919 4098 Euseb.
950 4042 1062 4110 λίχνους
1085 4060 1110 4094 ε.
1134 4057 1167 4106 φ.

68 4134 127 4199 ide,
144 4139 185 4192 rel
202 4138 260 4206 lege
278 4132 361 4204 o'p“)‚
384 4137 515 4204 wettinus,
539 4136 595 4189 tta-
630 4153 654 4186 ε.
673 4126 983 4199 αυαεεῶεαςλξήλεγχε.
1021 4125 1084 4180 Inde
1100 4123 1168 4178 iieuu
