2708 4666
475 208 854 284 PROLEGOMENA.
1032 200 1037 214 '
1135 233 1226 289 xxxi

118 396 186 468 sul
204 396 288 467 sole
307 413 434 466 aureo.
463 393 657 467 ΜΒΧΙᾸ.α
707 397 749 466 ln
772 396 856 468 aliis
873 396 1070 488 exemplis:
1094 397 1226 491 „Pari-

118 521 201 613 siis‚
234 520 336 610 apud
358 516 605 592 Christianum
629 520 873 614 Weehelum,
897 524 966 593 sub
990 529 1094 593 sento
1116 521 1228 592 Basi-

117 645 225 717 liensi
251 644 289 714 in
316 644 399 714 vieo
416 642 593 745 laoobeo:
625 654 664 717 et
688 648 757 717 snb
780 645 924 736 Pegaso
944 646 982 716 in
999 647 1081 716 vieo
1098 644 1227 716 Bello-

118 769 286 839 vaoonsi.
331 754 441 841 Anno
457 766 696 859 ΜΒΧΙᾸὌ.ιι
729 769 771 839 ln
790 771 948 860 epistola
962 769 1226 860 nuncupatoria

116 893 162 962 ati
179 890 544 976 Reverendissimum
558 892 600 985 i).
616 893 838 963 Antoninum
859 913 882 964 a
907 894 1108 964 Granvelia
1131 892 1226 983 lipi-

116 1036 271 1107 seopum
295 1015 578 1087 Atrebatensem
600 1015 798 1108 („Lovanii
821 998 887 1089 13?
898 1018 1081 1089 calendas
1107 1016 1227 1088 Maias

116 1158 214 1212 anno
234 1139 391 1234 tow),
414 1140 553 1211 latinae
570 1140 801 1212 translationi
818 1144 1022 1232 praemissa
1043 1146 1095 1235 (p.
1112 1143 1227 1235 3sq.),
1289 1201 1292 1204 .

117 1264 286 1336 Nunnius
302 1264 408 1334 dicit:
435 1264 576 1358 „Nobis
594 1285 666 1334 non
688 1266 756 1335 nisi
773 1267 916 1338 unicum
942 1269 1131 1357 exemplar
1147 1266 1227 1357 fuit,

117 1410 136 1460 a
159 1388 375 1458 doctissimo
394 1388 537 1477 quidem
560 1389 644 1459 viro
662 1390 900 1484 descriptum,
925 1392 991 1460 sed
1013 1399 1133 1461 tamen
1155 1409 1227 1459 non

116 1514 243 1603 paucis
266 1513 366 1582 vitiis
394 1513 585 1606 infeotum,
611 1534 679 1584 neo
703 1514 852 1608 mirum,
874 1515 1054 1586 nonenim
1074 1514 1227 1583 meliora

116 1636 202 1708 milri
231 1642 381 1727 poterat
407 1639 560 1709 tradere
586 1656 695 1728 quam
723 1638 761 1708 in
794 1640 1000 1732 archetypo
1024 1639 1227 1727 invenerat,
1342 1741 1344 1744 .

117 1761 215 1849 quod
253 1781 362 1831 unum
398 1782 594 1851 superesse
624 1763 727 1834 aiunt
765 1762 803 1832 in
837 1765 1011 1834 universa
1043 1759 1229 1850 Europa.‘⁴

117 1883 221 1954 Nihil
243 1885 361 1956 refert
382 1886 538 1982 amplius
563 1888 609 1956 (ie
635 1887 763 1959 oodioe
779 1907 847 1959 suo
863 1898 976 1980 msto,
1000 1906 1107 1977 quem
1129 1884 1228 1976 typis

119 2008 400 2080 deseribendum
436 2012 581 2081 curavit
589 2011 661 2101 θ’).
712 2010 844 2101 Neque
877 2011 1134 2082 adnotationes
1162 2008 1228 2078 de-

120 2134 178 2203 (iit.
234 2130 446 2204 'l'ranslatio
465 2156 650 2227 persaepe
671 2146 730 2208 est
751 2138 897 2208 vitiosa.

158 2296 161 2301 ·
198 2255 536 2336 ,ΑΘΗΝΑΓΟΡΟΥ
558 2256 799 2323 ΑΘΗΝΛΙΟΥ
826 2251 1008 2344 φιλοσόφου
1040 2255 1228 2338 χριστιανοῠ
1299 2274 1302 2278 ’

121 2358 334 2444 Ἀπρλογία
352 2371 450 2449 περὶ
472 2368 756 2450 Χριστιανῶν.
794 2366 860 2431 Τοῦ
882 2362 983 2429 αὐτοῦ
1004 2363 1106 2446 Περὶ
1127 2359 1228 2428 α’να-

123 2486 304 2564 ιιάσειις
332 2490 496 2574 νεκρῶν.
546 2473 921 2547 ATHENAGORAE
957 2474 1228 2544 ATHEniensis

121 2601 327 2691 philosophi
367 2598 557 2672 christiani
584 2601 772 2690 Apologia
809 2620 879 2690 pro
903 2599 1141 2690 Christianis,
1179 2600 1229 2669 ad

121 2724 365 2818 imperatores
393 2727 616 2796 Antoninum
642 2733 680 2795 et
699 2724 945 2796 Commodum.
980 2724 1152 2795 Eiusdem
1175 2723 1228 2793 lie

122 2837 386 2923 resurreetione
404 2855 641 2920 mortuorum.
690 2849 748 2918 'Ex
767 2851 926 2939 antiquis
955 2849 1229 2940 exemplaribus

121 2976 266 3047 libellus
281 2975 344 3043 iile
363 2994 456 3043 nune
483 2975 638 3063 primum
655 2974 866 3066 profertur,
891 2973 953 3042 hie
965 2981 1099 3047 autem
1115 2972 1228 3039 easti-

121 3100 241 3191 gatior
263 3118 371 3187 quam
400 3107 509 3168 antea
526 3100 658 3169 editur.
709 3098 871 3186 Uterque
896 3116 1031 3186 graece
1052 3104 1089 3164 et
1106 3093 1228 3164 latine.

121 3221 174 3293 nx
205 3221 364 3293 'officina
405 3222 552 3319 Heurioi
581 3221 773 3312 Stephani.
824 3220 894 3289 An.
928 3215 1135 3288 ΜΒΙᾸΙΙῑιι
1170 3217 1227 3303 gro
1345 3309 1351 3316 Δ

120 3345 299 3435 nium)
346 3345 446 3417 liaeo
473 3346 589 3416 editio
628 3346 842 3439 Consano
881 3341 1091 3413 Gassnno
1123 3354 1231 3422 ποιω-

185 3545 265 3613 *)ln
285 3545 393 3598 marimo
411 3556 501 3597 errore
517 3548 636 3596 versetur
655 3543 710 3596 Th.
726 3541 803 3596 Aur.
820 3541 996 3607 cirrisse,
1015 3539 1090 3608 quil.
1104 3554 1124 3592 e.
1141 3553 1167 3607 p.
1184 3538 1231 3606 to,

117 3629 384 3699 supratonsus,
401 3629 494 3682 librum
510 3627 549 3681 ite
569 3627 759 3682 tommentiooo
773 3625 956 3694 „²⁴prlmom
975 3623 1069 3677 sirion
1084 3620 1230 3677 emma·

118 3717 171 3766 mei
183 3723 270 3781 „anno
290 3710 359 3764 1495
373 3725 465 3779 graeco
476 3715 504 3764 ei
523 3712 602 3766 latine
619 3709 762 3764 irretiisi‘
798 3708 903 3763 Seiileoi
921 3709 972 3762 leto
993 3721 1059 3761 anno
1074 3706 1151 3761 latino
1171 3711 1230 3761 tta·

117 3799 171 3850 lm
185 3794 299 3866 prediti,
318 3794 390 3849 Geor
377 3798 433 3864 rpio
455 3796 526 3849 Velia
544 3799 697 3865 interprete
1284 3850 1288 3859 ,

186 3878 327 3945 “nnat
349 3880 420 3934 (las.
448 3880 603 3934 oudinus
628 3879 730 3946 (comm
708 3883 785 3932 ment.
808 3877 840 3931 tie
861 3873 1030 3945 scriptoribus
1052 3872 1144 3927 weles.
1163 3873 1229 3927 anii-

116 3965 174 4035 ιώ
194 3961 264 4029 21,
288 3963 361 4032 Lips.
380 3964 458 4019 1722.
477 3964 546 4030 iiol,
570 3978 597 4032 p
614 3961 678 4029 wi)
700 3962 791 4016 dicens
815 3960 886 4016 iilum
903 3963 996 4013 nato!
1012 3955 1127 4020 redirem
1149 3956 1229 4009 inim

116 4048 216 4117 Regiae
234 4046 409 4102 Bibliotherae
428 4049 591 4104 Parisioosls

185 4130 465 4199 mieiarissei.
482 4148 515 4201 o,
533 4130 612 4185 aio
624 4131 695 4187 Ait.
716 4130 881 4184 Fabricio
898 4126 1033 4198 (utiliori
1050 4140 1090 4193 gr.
1105 4121 1145 4176 oi
1158 4118 1229 4173 llut-
