2708 4666
453 211 840 285 PROLEGOMENA.
1130 238 1236 290 mur

121 381 361 452 Tentzelii
410 382 576 453 Guriense
603 384 943 472 Bibliotheo‚'1'om.
971 388 989 456 l
1020 387 1164 480 (1701)
1192 412 1235 483 p.

120 507 193 576 226
229 529 325 597 sqq..

216 635 320 702 Novo
347 634 495 725 posthac
523 635 646 703 vestitu
680 636 885 727 prodierunt
908 658 1015 727 opera
1046 640 1235 733 Apologo-

118 752 226 829 mrum
243 782 451 851 graecorum
471 760 552 827 curi
574 761 845 829 Pnuounru
872 760 1069 847 Manarr
1096 765 1234 836 Parisiis

118 884 265 977 (flagae
285 885 481 974 Comitum)
500 907 590 952 anno
618 887 725 954 1742.
744 886 822 954 Fol.
839 888 940 955 mai..
991 890 1045 957 De
1070 889 1138 958 hac
1156 890 1233 958 edi·-

117 1010 209 1078 tione
231 1011 269 1077 in
290 1007 387 1103 Opp.
413 1010 530 1079 lustin.
554 1012 577 1078 l.
607 1036 636 1080 c.
662 1038 697 1105 p.
716 1014 816 1080 XXX
840 1037 891 1103 sq.
919 1014 1075 1106 pluribus
1101 1015 1171 1107 egi.
1185 1055 1229 1066 —

118 1133 237 1203 Oratio
276 1134 414 1204 Tatiani
444 1162 480 1230 p.
512 1138 585 1206 2¹43
604 1175 655 1188 -
674 1140 748 1206 276
774 1140 919 1231 legitur,
961 1141 997 1206 in
1030 1140 1143 1233 capita
1181 1142 1233 1210 42

118 1261 205 1329 bene
238 1260 428 1332 distributa.
494 1264 626 1332 Doctus
661 1263 721 1329 ille
757 1265 939 1354 presbyter
976 1275 1010 1334 et
1041 1266 1232 1337 monachus

117 1386 364 1457 Benedictinus
387 1412 407 1456 e
433 1390 718 1481 congregatione
748 1388 785 1456 S.
816 1388 930 1456 Mauri
952 1411 1043 1458 nova
1072 1392 1232 1460 codicum

119 1514 242 1581 aumlia
268 1535 338 1581 non
361 1516 589 1607 comparavit:
614 1524 764 1585 attamen
785 1523 914 1582 textum
943 1516 1069 1607 passim
1091 1518 1234 1604 sanarit,

117 1639 212 1709 locos
246 1639 461 1709 obscuriores
499 1640 672 1708 interdum
712 1642 789 1708 luce
830 1640 988 1727 donavit,
1040 1643 1234 1711 versionem

118 1766 362 1835 Gesnerianam
393 1766 441 1833 sic
465 1765 659 1835 emendavit
684 1776 723 1834 ut
753 1789 844 1834 nova
877 1768 987 1858 possit
1011 1767 1130 1837 videri.
1170 1769 1232 1837 ln-

116 1892 253 1961 terdum
274 1914 353 1959 cum
378 1890 550 1977 Morello,
585 1892 682 1960 cuius
716 1892 902 1960 editionem
929 1892 1135 1984 typothetae
1160 1902 1233 1962 tra·

117 2018 215 2104 didit,
247 2018 284 2084 in
306 2017 393 2086 vitiis
421 2018 537 2108 graeci
566 2026 678 2084 textus
711 2018 909 2085 concordat.
968 2019 1008 2085 ln
1038 2019 1234 2093 Praelatim

116 2145 165 2213 nis
196 2145 303 2213 Parte
327 2144 377 2212 lll
405 2144 548 2251 exponit
573 2167 610 2234 p.
641 2143 773 2212 XCVII
793 2165 871 2231 sqq.
906 2142 950 2211 de
984 2141 1123 2210 Tatiani
1157 2152 1233 2212 stu-

116 2270 178 2340 diis
210 2271 388 2341 literarum
420 2281 460 2337 et·
484 2271 706 2339 conversione
741 2266 791 2356 (c.
830 2268 914 2356 10),
960 2267 1005 2335 de
1028 2266 1165 2335 haeresi
1194 2269 1233 2337 in

117 2419 220 2486 quam
243 2398 360 2488 lapsus
386 2406 496 2464 estet
521 2396 566 2463 de
592 2405 686 2464 seete
719 2393 971 2461 Eneratitarum
997 2394 1041 2460 ab
1071 2415 1114 2461 eo
1144 2415 1231 2462 con·

117 2523 195 2590 liuta
218 2522 271 2610 (o.
301 2521 384 2609 11),
419 2522 463 2590 de
491 2521 564 2589 eius
589 2520 724 2612 scriptis
754 2519 805 2608 (c.
836 2517 918 2607 12).
935 2555 986 2568 -
1008 2518 1146 2587 Muraui
1168 2540 1230 2587 ex-

118 2648 249 2740 emplar
271 2645 407 2738 paginis
434 2646 630 2737 paullulum
653 2645 837 2712 immutatis
857 2667 1013 2713 recusum
1038 2655 1092 2714 est
1113 2645 1231 2715 Vene-
1298 2696 1319 2743 .·

117 2773 168 2843 tis
199 2794 295 2840 anno
332 2772 430 2840 1747
469 2771 548 2840 Fol.
582 2770 679 2839 mai..
747 2767 869 2838 Oratio
903 2769 1041 2839 Tatiani
1080 2793 1117 2861 p.
1154 2769 1231 2840 256

119 2936 163 2953 -
179 2899 256 2968 293
283 2896 478 2988 praebetur.

215 3022 276 3091 Ad
291 3022 362 3090 hoc
376 3018 546 3090 venetum
563 3022 697 3091 Marani
718 3023 894 3114 exemplar
911 3020 1112 3089 Orationem
1134 3043 1230 3090 eam-

119 3148 195 3217 dem
218 3170 346 3240 graece
377 3157 412 3216 et
442 3149 545 3217 latine
579 3148 691 3217 edidit
724 3151 938 3218 Annaeus
966 3145 1229 3214 Gauuanor:

119 3272 336 3343 Bibliotheca
363 3283 517 3341 veterum
540 3274 681 3342 Patrum
704 3275 991 3362 antiquorumque
1012 3268 1229 3361 Scriptorum
1287 3355 1296 3391 a

120 3399 435 3468 ecclesiasticorum.
474 3398 577 3465 Tom.
617 3400 634 3465 1
680 3398 826 3487 (venet
866 3395 976 3465 1765.
1012 3395 1093 3463 Pol.
1132 3394 1236 3497 mni.)

120 3545 158 3613 p..
187 3523 264 3592 636
285 3560 330 3575 --
349 3523 435 3592 670.
487 3525 618 3592 Doctus
659 3525 721 3592 ille
753 3521 1043 3614 Congregationis
1077 3518 1229 3590 Oratorii

120 3648 297 3738 presbyter
330 3669 523 3740 perpaucas
557 3648 792 3717 adnotationes
832 3646 1041 3715 Maronianis
1081 3645 1225 3715 addidit.

121 3768 372 3866 Prolegomena
412 3772 458 3840 de
502 3772 652 3841 Tatieno
694 3797 728 3864 p.
774 3772 922 3842 XCVlll
964 3795 1039 3860 sqq.
1076 3772 1228 3862 praemi·

123 3896 169 3963 eit
211 3898 269 3966 Ad
295 3906 426 3965 textum
448 3920 611 3988 graecum
633 3898 727 3987 qnod
753 3898 885 3983 attinet,
916 3920 957 3964 ea
981 3904 1139 3964 accurate
1160 3917 1228 3963 no·

124 4022 185 4088 lavi
208 4045 298 4110 quae
317 4021 486 4090 recedunt
508 4023 554 4090 ab
577 4021 728 4090 editione
763 4021 919 4103 Marani3
954 4020 1113 4090 consulto
1139 4018 1228 4088 Gal-

126 4143 250 4218 lmdiur
273 4146 617 4239 mutavitnuspiam,
661 4146 723 4217 sed
748 4145 920 4233 interdum
951 4144 1085 4215 Veneto
1108 4163 1228 4219 exem-
