2708 4666
328 160 384 224 DE
404 158 740 228 RESURRECTIONE
760 166 1016 232 MORTUORUE.
1162 168 1226 233 217

119 331 238 391 terram
260 333 293 392 iu
307 333 457 396 honorem
472 338 604 399 naturae
620 339 734 399 sortita
758 341 848 419 suut,
870 357 963 417 quum
984 357 1024 400 ne
1040 341 1136 403 ullum
1160 343 1232 419 qui-

119 438 191 499 dem
221 443 334 503 animal
357 448 483 505 creator
509 448 695 508 animalibus
724 450 863 509 eiusdem
890 449 1010 525 speciei
1034 451 1074 510 ad
1096 467 1231 511 vescen-

119 547 192 608 dum
215 552 390 632 addixerit,
422 557 564 631 quamvis
594 557 625 616 in
654 557 727 617 aliis
748 559 932 634 quibusdam
955 559 1075 618 diversi
1104 562 1233 637 generis
1295 588 1298 595 ·

118 658 208 719 cibus
222 662 264 721 sit
286 663 326 722 ad
344 667 487 724 naturam
503 666 778 726 accommodatum
813 667 846 725 Si
863 682 940 742 ergo
955 670 1090 744 possunt
1106 670 1234 729 demon·

119 772 227 830 strare
257 788 368 832 carues
399 773 554 834 bominum
577 774 754 834 homiuibus
783 775 823 834 ad
843 777 1032 836 vescendum
1061 776 1232 864 destinatas

119 894 210 958 esse,
239 881 318 940 nibil
345 883 466 943 vetabit
494 885 656 960 quominus
688 900 724 943 se
751 883 883 943 invicem
909 886 1074 945 comodere
1100 890 1232 948 naturas

119 993 291 1066 congruat,
321 991 409 1051 velot
431 993 517 1052 aliud
535 993 609 1069 quid
630 1010 670 1052 ex
692 993 732 1051 iis
756 1009 836 1067 quae
850 991 962 1054 naturai
978 1011 1126 1056 concessa
1150 1003 1232 1076 suut,

118 1100 152 1157 ct
168 1099 221 1174 qui
236 1100 313 1160 talia
336 1102 441 1161 dicere
465 1102 580 1161 audent
596 1102 850 1161 amicissimorum
872 1105 1059 1180 corporibus
1086 1105 1126 1164 ad
1149 1105 1232 1165 deli-

119 1208 186 1267 cias
202 1208 389 1288 epulentur,
410 1213 444 1269 ut
459 1211 559 1287 magis
581 1212 842 1287 congruentibus,
864 1215 897 1270 et
912 1213 1021 1272 eadem
1039 1214 1234 1274 amicissimis

118 1321 289 1394 apponant.
334 1318 368 1377 Si
391 1336 468 1378 vero
490 1321 523 1378 id
544 1321 597 1379 vel
623 1320 708 1380 dictu
730 1319 854 1396 impium
876 1324 944 1397 est,
965 1320 1106 1381 homiues
1130 1326 1232 1384 autem

117 1426 159 1487 de
184 1427 340 1488 homiuum
358 1430 504 1489 carnibus
527 1430 698 1505 degustare
719 1418 915 1489 teterrimum
939 1430 1136 1506 quiddamst
1160 1450 1233 1493 sce-

118 1536 340 1597 leratissimum
363 1540 413 1597 est
440 1555 476 1597 ac
498 1532 632 1598 nefando
657 1539 738 1598 omui
753 1541 785 1597 et
806 1544 915 1598 contra
937 1543 1079 1599 naturam
1102 1543 1173 1602 cibo
1200 1547 1234 1603 et

119 1645 261 1706 facinore
284 1646 521 1724 detestabilius,
556 1647 669 1706 deinde
701 1648 729 1706 si
758 1647 840 1723 quod
872 1653 981 1708 contra
1011 1653 1154 1711 naturam
1183 1656 1233 1713 cst
1279 1636 1281 1651 ¹

116 1774 282 1833 numquam
304 1757 450 1844 membris
472 1761 505 1816 et
526 1756 671 1834 partibus
690 1757 838 1815 alimento
856 1760 1022 1835 egentibus
1044 1761 1075 1820 iu
1099 1760 1232 1821 alimen-

118 1868 185 1926 tum
200 1867 351 1944 cesserit,
374 1868 457 1943 quod
482 1871 585 1927 autem
602 1867 631 1925 in
654 1866 833 1926 alimentum
852 1884 913 1926 uon
927 1870 1018 1938 cedit
1038 1886 1233 1946 nequaquam

118 1993 188 2036 eum
203 1975 241 2036 iis
257 1993 337 2052 quae
349 1976 468 2035 nutrire
486 1992 546 2035 uon
563 1976 647 2035 solet
660 1977 833 2035 coaluerit:
850 1994 1013 2053 numquam
1031 1996 1107 2039 saue
1129 1980 1234 2041 homi·
1287 1957 1290 1960 ‚

119 2103 191 2146 uum
219 2101 355 2162 corpora
378 2103 446 2145 oum
470 2086 624 2145 similibus
647 2086 695 2145 sui
719 2086 922 2163 corporibus,
951 2089 1061 2162 quibus
1085 2088 1146 2150 boo
1172 2090 1234 2149 ali-

119 2198 255 2255 mentum
278 2199 387 2254 contra
409 2197 551 2253 naturam
574 2198 640 2272 est,
673 2195 865 2270 coaluerint,
895 2198 1037 2272 quamvis
1056 2214 1154 2274 saepe
1175 2216 1235 2276 per

120 2322 229 2366 eorum
259 2321 396 2381 corpora
421 2307 643 2380 pertranseant
670 2304 872 2364 acerbissima
907 2305 1012 2380 aliqua
1037 2307 1233 2384 calamitate;

120 2414 180 2474 sod
192 2417 313 2474 remota
334 2431 352 2474 a
371 2413 528 2474 nutriendi
557 2409 725 2491 facultate,
752 2416 786 2472 et
811 2414 970 2474 intereas
992 2416 1132 2476 universi
1155 2434 1234 2494 par·

188 2653 215 2705 8.
233 2651 325 2719 παρὰ]
359 2653 422 2722 Arg.
439 2653 512 2724 sept.
529 2654 596 2708 Dein
612 2669 659 2725 pro
695 2670 742 2708 naa
759 2655 928 2727 patrocinium
954 2655 985 2708 ab
1003 2656 1167 2725 Athenagora
1185 2659 1233 2712 lm·

119 2737 150 2808 ip
168 2738 228 2792 Aet.
248 2732 274 2806 ἢ.
695 2741 785 2793 marito
803 2742 908 2809 petitur.
944 2742 1033 2795 Paullo
1059 2749 1118 2796 unta
1136 2745 1236 2798 dicebat

188 2824 214 2877 ll.
233 2820 306 2877 κατά
321 2843 386 2879 τινα
403 2843 478 2893 usuc.
496 2822 659 2894 συμφοράν]
695 2826 829 2890 „hemines
850 2826 882 2878 dc
902 2827 1031 2880 hominum
1049 2829 1168 2884 carnibus
1188 2828 1234 2882 de·

119 2908 177 2963 Etsi
196 2911 314 2963 carnibus
331 2911 459 2963 bominum
476 2915 574 2964 temere
593 2911 660 2964 occi·
695 2915 799 2976 gustare
816 2913 976 2964 teterrimum
994 2913 1110 2980 quiddam
1129 2929 1158 2966 ac
1175 2930 1234 2968 sce·

120 3009 207 3048 sorum
224 2998 292 3050 vesci
311 3010 412 3063 semper
426 2997 498 3049 ueias
511 2996 577 3064 apud
596 3012 660 3063 qen·
694 2994 873 3047 leratissimurn
899 3011 956 3047 esse
979 3011 1007 3048 ac
1033 2998 1141 3050 uetando
1166 3000 1234 3052 omui
1306 3040 1311 3050 1

120 3084 161 3134 tes
180 3081 332 3133 moraliores
358 3082 469 3135 habitum
495 3085 550 3147 est,
576 3085 660 3134 tamen
696 3083 827 3131 utcontra
854 3084 968 3132 naturam
995 3081 1051 3133 cibo
1078 3085 1105 3132 et
1121 3082 1233 3136 incinere

120 3167 147 3220 iu
165 3181 262 3219 summa
281 3167 347 3219 tame
365 3172 392 3220 et
409 3166 585 3220 deficientibus
604 3167 659 3219 aliis
694 3164 897 3216 detestabilius.“
929 3165 982 3217 Nec
1001 3165 1069 3217 dicas
1087 3180 1132 3217 eos
1150 3168 1233 3234 excipi

120 3253 285 3313 nutuimeulis
298 3251 376 3305 licere
392 3253 465 3305 etiam
480 3251 598 3305 carnibus
611 3252 658 3304 bo·
695 3250 737 3318 qui
763 3265 813 3302 nou
833 3247 989 3303 occiderunt.
1023 3250 1098 3303 Parvi
1116 3252 1182 3303 enim
1207 3252 1232 3306 id

121 3337 217 3390 micum
236 3351 251 3388 a
269 3336 342 3389 uobis
363 3351 414 3388 uon
432 3351 563 3389 caesorum
582 3340 659 3405 vesci,
694 3335 819 3388 lutererat
844 3334 875 3386 ud
897 3336 1056 3402 propositum
1081 3335 1233 3404 Athenago-

121 3422 293 3476 aobilissimua
316 3421 495 3475 Puteudorfiua
514 3428 603 3476 noster
621 3425 659 3478 lla
694 3435 746 3474 rae.
783 3420 872 3473 Cibum
904 3419 1027 3472 eiusmodi
1056 3422 1180 3474 celarium
1207 3427 1234 3477 el
1284 3451 1287 3453 >

121 3507 141 3558 l.
158 3507 192 3560 Ν.
212 3509 239 3559 et
257 3506 290 3559 G.
308 3508 325 3559 l.
346 3507 380 3558 ll.
407 3507 469 3561 cii.
486 3507 548 3575 §.3
571 3508 659 3576 docet;
695 3506 846 3558 sceleratum
875 3505 1000 3572 appellat,
1023 3507 1233 3576 ut'prcbetuu·

121 3590 293 3645 miserandum
330 3591 431 3660 quidem
469 3593 549 3645 cibum
590 3593 659 3647 illurn
695 3595 768 3643 turae
792 3591 945 3643 contrariom
972 3605 1047 3659 esse,
1072 3605 1120 3645 nec
1143 3592 1170 3645 ld
1187 3609 1233 3660 qe-

120 3679 250 3742 ucmiuat,
277 3679 400 3731 netarium
427 3691 488 3731 nero
513 3677 562 3731 dici
584 3693 661 3747 posse
696 3676 801 3728 uuinum
832 3676 977 3729 alimentum
1001 3690 1078 3743 posse
1103 3679 1234 3731 converti:

121 3767 207 3830 uetat.
244 3763 330 3831 Atque
353 3764 401 3816 boc
420 3765 497 3816 etiem
511 3764 661 3831 Albanuqo·
697 3760 763 3829 quod
791 3761 891 3828 quidem
918 3775 968 3813 nou
995 3762 1078 3814 miuus
1105 3763 1165 3815 ierit
1190 3778 1235 3816 eos

121 3861 176 3901 rum
203 3847 316 3901 noluisse
346 3848 423 3901 rerba
455 3847 488 3900 du
508 3863 554 3901 cau
579 3848 661 3900 carnis
696 3847 740 3915 qui
765 3861 816 3899 nou
840 3846 987 3899 occiderunt
1021 3863 1094 3916 quarn
1121 3849 1164 3916 qui
1187 3849 1235 3902 hcc

122 3933 246 3989 humanae
287 3930 361 3987 κατά
392 3951 457 3987 τινα
487 3929 662 4002 πικροτάτην
696 3932 794 3985 lacinus
827 3936 970 4002 patrarunt.
1014 3933 1151 3986 Praeterea
1176 3933 1234 3988 oi

123 4016 275 4088 συμφοράν
305 4019 398 4073 iudicio
429 4024 498 4072 sunt.
539 4019 662 4072 Rscben·
697 4031 742 4070 cos
762 4017 805 4085 qul
820 4016 994 4086 imprudentes
1009 4017 1040 4071 ds
1053 4018 1160 4071 bumana
1176 4031 1233 4070 car·

124 4105 194 4173 terp.
227 4105 296 4159 Ruic
319 4105 462 4159 sententiae
485 4101 662 4159 Puicndcrtia·
698 4116 731 4155 uo
755 4103 916 4170 mutaverint
934 4102 1068 4171 distinguit
1091 4102 1171 4156 abiis
1190 4101 1232 4170 qui
