2708 4666
432 215 820 290 PROLEGOMENA.
1120 246 1186 294 ιιι

67 382 225 457 rtbeisml
250 384 427 454 machinas
451 387 486 455 in
507 387 577 458 hoc
605 411 785 459 conversus
807 389 960 459 uiderem
983 401 1042 479 ut,
1070 395 1184 487 impc-

67 512 127 582 uu
160 511 306 605 publice
343 512 513 604 religione
544 514 661 585 nostri
701 514 864 604 omnique
895 517 983 584 adeo
1024 519 1184 589 divinitus

66 624 238 723 revelati,
286 636 351 704 sub
387 640 504 731 specie
542 642 724 710 naturalis
755 641 942 733 religiom's
974 632 1184 715 excolendae

67 763 273 857 prgauismo
306 764 361 831 ria
393 773 620 852 sterneretur,
673 767 867 835 incidebam
902 768 991 835 forte
1024 771 1060 836 in
1094 770 1184 839 hanc

68 889 206 958 Tatiani
240 886 441 957 Orationem
475 893 557 978 πρὸς
575 893 736 978 Ἕλληνας.
796 891 909 960 Aside
944 904 1057 962 autem
1101 916 1185 986 per·

67 1016 189 1084 lectam
217 1015 329 1106 iprum
354 1036 394 1081 ac
416 1014 565 1104 penitius
591 1016 698 1105 paulo
723 1018 970 1108 introspectum
997 1041 1076 1087 cum
1101 1022 1183 1112 plu-

68 1140 157 1211 ribus
181 1140 358 1209 decausis
382 1140 524 1208 mirifice
554 1141 755 1231 probarem,
800 1153 872 1222 turn
904 1166 947 1212 eo
981 1147 1183 1235 praesertim

69 1266 205 1335 nomine
256 1265 352 1355 quod
406 1264 673 1333 luculentissime
719 1265 931 1336 demonstret
974 1270 1184 1362 religionem

67 1392 153 1460 bruc
177 1414 317 1460 omnem
335 1391 551 1474 naturalem,
577 1413 680 1479 (luam
706 1391 861 1477 dicimus,
887 1393 1056 1461 misellum
1080 1396 1183 1484 quid-

67 1517 140 1585 dam
172 1540 260 1603 esse,
301 1537 491 1609 parumque
525 1516 711 1583 admodum
740 1516 856 1589 valere
884 1517 928 1584 ed
956 1518 1185 1587 excolendum

67 1644 216 1713 mirnum
243 1664 425 1732 moresque
455 1640 703 1727 informandos,
728 1643 791 1709 nisi
817 1643 957 1733 iusuper
980 1642 1071 1733 legis
1090 1642 1184 1710 chri-

67 1770 189 1837 stianae
226 1775 363 1837 nostrae
398 1768 516 1834 lumen
546 1766 736 1833 accesserit.
800 1767 893 1837 Tum
918 1788 1000 1835 vero
1025 1767 1069 1835 ad
1093 1768 1184 1837 banc
1297 1758 1301 1763 ’

67 1891 267 1962 Orationem
302 1892 489 1961 accuratius
524 1891 631 1981 paulo
666 1890 781 1959 adhuc
817 1893 1078 1961 examinandam
1128 1917 1185 1964 me

65 2019 221 2087 accinxi“
254 2026 319 2085 etc.
340 2018 394 2105 ¹¹¹).
459 2017 498 2082 ln
520 2016 738 2085 Praefatione
767 2017 813 2084 ad
845 2019 1012 2087 lectorem
1037 2019 1122 2086 dicit
1146 2042 1184 2091 se

65 2166 105 2211 er
129 2142 343 2212 editionibus
361 2141 595 2233 superioribus
616 2141 809 2233 'ligurinae
831 2165 996 2211 summam
1022 2142 1183 2241 habuisse

64 2270 251 2353 rationem,
291 2276 437 2360 „utpote
466 2267 501 2336 in
525 2267 640 2335 multis
669 2268 776 2359 longe
804 2267 953 2359 purioris
983 2276 1019 2334 et
1044 2290 1183 2338 emacu-

64 2394 191 2463 latioris
219 2393 488 2487 posterioribus,
537 2416 625 2483 quae
648 2418 669 2461 a
696 2403 789 2461 textu
815 2392 988 2485 Tigurino
1012 2416 1079 2485 pro
1106 2394 1184 2464 edi·

66 2530 177 2590 torum
195 2519 337 2588 arbitrio
356 2520 570 2611 saepiuscule
588 2524 807 2601 recessere“;
833 2542 940 2608 quum
967 2529 1082 2589 tamen
1107 2522 1184 2589 edi·

65 2647 193 2716 tionem
222 2644 407 2735 (Morelli)
436 2644 663 2713 Parisiensem
686 2646 831 2714 maxime
856 2669 896 2713 ac
928 2647 1184 2739 propemodum

66 2775 172 2842 solnm
193 2771 424 2841 studiosorum
449 2770 605 2838 manibus
629 2771 741 2839 tritam
765 2770 909 2859 videret,
933 2774 1073 2841 omnino
1097 2796 1184 2842 con-

67 2900 192 2968 mltum
217 2896 314 2964 duxit
330 2896 436 2987 ipsius
452 2896 489 2962 in
512 2918 573 2963 sua
598 2895 748 2966 editione
772 2898 925 2989 vestigiis
946 2898 1101 2968 insistere
1112 2898 1183 2988 **).

69 3025 281 3113 Quamquam
306 3022 343 3089 in
375 3021 532 3113 plurimis
563 3021 649 3091 locis
685 3023 869 3092 lectionem
907 3024 1093 3114 genuinam
1127 3044 1185 3091 re·

67 3151 191 3236 stituit,
228 3168 306 3215 rsro
339 3146 480 3236 quidem
511 3148 547 3213 in
575 3148 653 3240 ipso
679 3149 791 3217 textds
822 3169 983 3238 corpore,
1019 3147 1185 3236 frequens

69 3275 130 3344 tius
155 3260 273 3343 tutan
297 3272 335 3339 iu
364 3274 454 3341 uotis
491 3273 599 3340 textui
631 3273 801 3341 subiectis.
863 3273 991 3339 Nactus
1017 3272 1109 3341 euim
1133 3281 1186 3342 oet

70 3399 225 3468 codicum
252 3420 357 3465 manu
384 3408 599 3506 exaratorum
631 3397 772 3465 omnino
808 3398 910 3466 trium
934 3399 1099 3468 lectiones
1124 3420 1185 3468 vu-

133 3666 157 3733 ‘)
176 3664 300 3717 Daniel
318 3664 337 3717 l.
356 3680 378 3718 c.
395 3680 421 3735 p.
439 3665 488 3720 83:
508 3664 622 3732 „Wollte
638 3678 696 3717 mm
710 3665 737 3717 in
757 3680 854 3718 unsern
877 3667 963 3733 Tegeo
978 3680 1029 3719 ron
1043 3652 1186 3719 ibullcbenl

72 3749 287 3819 Gedtbtspunlrte
303 3765 347 3803 aus
364 3752 421 3803 eine
434 3766 498 3805 neue
518 3751 637 3817 Ausgabe
653 3750 697 3803 des
713 3751 874 3820 Apologcten
894 3753 1039 3820 motivum,
1056 3766 1085 3805 so
1102 3750 1187 3803 diuite

72 3848 125 3887 mm
144 3835 237 3888 taraus
251 3835 409 3902 bimreiseu,
438 3838 487 3889 wie
508 3836 608 3901 Tatina,
637 3835 678 3887 cin
701 3836 779 3902 rbllig
806 3836 943 3888 historisclr
966 3834 1115 3903 gebildeter,
1141 3835 1188 3886 mit

72 3920 239 3989 rkeptlselrem
259 3921 417 3974 llisstrauen
440 3921 550 3991 positive
573 3921 734 3972 Ttratsacben
756 3919 1006 3974 durcblorscbendcr
1034 3921 1122 3987 llann,
1155 3934 1188 3971 ιιι

74 4002 117 4057 ler
137 4006 309 4059 historischen
340 4004 489 4073 Gruudlage
520 4005 565 4058 des
595 4004 816 4073 cluistcnthums,
854 4005 894 4059 die
917 4020 947 4058 er
974 4005 1046 4058 einer
1071 4018 1188 4071 geneum

75 4084 186 4157 Prblung
204 4090 360 4155 curemur,
378 4090 505 4144 leineu
529 4090 639 4142 Austoss
661 4091 766 4143 nalum.“
992 4080 995 4085 ’

137 4182 178 4249 ”)
194 4182 261 4237 litus
280 4186 321 4237 est
337 4176 418 4251 prima
435 4182 539 4240 ldorelli
557 4181 669 4238 editiore
689 4182 726 4251 (a.
750 4180 841 4249 1615).
