2708 4666
293 134 349 214 nn
370 150 702 214 unsonsucmoos
725 151 982 214 nonroosons.
1104 148 1177 214 are

61 339 206 400 quaeque
229 323 402 386 dissolutae
424 325 464 386 ad
487 340 625 402 congrua
649 326 803 385 elementa
822 325 972 402 migrent,
993 323 1094 384 anima
1112 341 1171 386 au-

62 438 125 495 tem
148 451 208 512 per
228 450 264 494 se
287 438 397 513 utpote
423 437 605 514 incorrupta
626 439 767 511 maneat,
788 450 828 493 ne
851 435 1040 510 sicquidem
1069 435 1171 497 locum

60 542 192 602 habebit
214 545 335 604 animae
356 545 520 633 iudicium,
542 532 658 624 quippe
689 563 780 622 quum
809 545 927 604 iustitia
953 544 1168 605 desideretur:

61 653 216 730 siquidem
239 654 330 715 nefas
351 659 402 715 est
426 656 581 734 suspicari
604 656 701 716 ullum
731 672 772 714 ex
795 656 855 715 deo
878 657 932 714 aut
954 672 972 713 a
1006 654 1066 715 deo
1086 656 1170 716 iudi-

62 764 143 825 cium
160 763 248 842 fieri,
269 766 320 825 oui
341 782 403 825 uon
426 767 510 826 adsit
532 766 662 826 iustitia.
707 764 823 824 ludieic
847 767 949 824 autem
971 764 1063 824 abest
1077 767 1171 826 iusti-

62 875 119 954 tia,
134 891 196 934 nou
212 876 357 934 exstante
374 892 412 935 οο
428 875 480 951 qui
494 871 644 935 iustitiam
660 877 714 935 aut
727 874 906 934 iniustitiam
920 876 1078 952 exercuit;
1100 893 1170 937 nam
1253 939 1256 952 ,

62 986 117 1062 qui
145 987 384 1062 unumquodque
409 1001 534 1061 eorum,
556 985 596 1043 de
622 985 734 1060 quibus
766 984 910 1044 iudicium
936 985 1119 1066 instituitur,
1140 988 1171 1046 iu

63 1095 131 1155 vita
153 1095 219 1172 egit
235 1094 328 1155 homo
351 1097 436 1172 erat,
456 1111 518 1154 nou
535 1095 637 1154 anima
655 1111 714 1172 per
733 1111 768 1154 se
786 1094 865 1171 ipsa.
908 1094 948 1154 Ut
966 1097 1068 1156 aotam
1085 1113 1171 1157 som·

62 1205 168 1265 metim
193 1205 310 1278 dicam,
341 1205 516 1265 istiusmodi
546 1209 628 1264 ratio
656 1204 745 1264 nulla
769 1204 801 1263 in
829 1208 920 1283 parte
942 1207 1093 1266 retinebit
1114 1222 1171 1266 ae-

62 1295 224 1392 quitatem.
831 1386 833 1391 Ι

150 1428 200 1486 21.
234 1424 356 1485 Etenim
381 1427 408 1485 si
438 1428 525 1485 recte
555 1423 640 1484 facta
675 1427 928 1502 remunerentur,
968 1429 1079 1504 aperte
1116 1427 1171 1488 tiet

63 1537 178 1597 iniuria
200 1536 328 1613 corpori
352 1552 390 1595 eo
413 1535 496 1612 quod
521 1535 665 1595 laborum
691 1536 814 1611 quidem
835 1537 867 1595 in
889 1538 984 1596 rebus
1005 1538 1171 1615 praeclare

63 1646 214 1723 gerendis
229 1647 445 1723 susceptorum
466 1646 626 1725 particeps
652 1647 764 1725 suerit,
788 1648 941 1707 mercedis
957 1651 1061 1707 autem
1083 1652 1172 1710 recte

63 1756 218 1817 factorum
241 1756 400 1832 particeps
417 1772 478 1815 uon
504 1757 562 1834 sit,
584 1774 621 1817 ac
640 1758 760 1817 veniam
779 1759 902 1834 quidem
923 1740 1024 1817 a'nima
1047 1757 1079 1815 iu
1101 1760 1172 1834 qoi-

62 1866 195 1927 busdam
221 1866 360 1943 peccatis
382 1882 479 1943 saepe
507 1865 624 1928 habeat
646 1871 781 1946 propter
803 1867 947 1945 corporis
970 1867 1172 1944 indigentiam

63 1981 97 2035 et
113 1993 222 2053 usum,
244 1977 344 2052 ipsum
369 1981 472 2036 autem
496 1994 611 2054 corpus
631 1979 757 2038 excidat
781 1979 934 2037 societate
959 1979 1046 2036 recte
1068 1977 1172 2039 iacto·
1248 2000 1250 2004 ·
1288 1965 1292 1986 '

62 2103 150 2163 rom,
172 2099 231 2163 pro
249 2086 360 2161 quibus
382 2086 473 2147 simul
493 2087 621 2148 labores
638 2087 669 2146 in
688 2089 752 2146 vita
769 2087 928 2147 toleravit.
973 2087 1173 2166 Quinetiam,

62 2198 91 2258 si
113 2200 244 2275 peccata
265 2197 457 2272 indicantur,
485 2212 547 2255 uon
570 2200 717 2257 servatur
743 2197 863 2255 animae
883 2197 1022 2274 iustitia,
1050 2199 1078 2257 si
1101 2198 1173 2275 qui-

63 2308 135 2368 dem
160 2307 229 2367 sola
251 2322 370 2383 poenas
392 2323 499 2366 eorum
521 2307 686 2383 persolvat
710 2323 789 2382 quae
816 2307 1017 2384 obstrepente
1038 2323 1173 2384 corpore

63 2416 164 2477 etad
194 2417 343 2493 proprios
370 2418 530 2494 appetitus
552 2419 584 2476 et
605 2420 707 2477 motus
731 2415 877 2476 trahente
905 2417 1063 2494 peccavit,
1091 2434 1172 2478 nunc

63 2527 157 2587 simol
180 2526 313 2603 abrepta
336 2528 369 2586 et
385 2527 473 2586 velut
493 2526 576 2587 furto
596 2528 747 2604 abducta,
768 2544 849 2587 nunc
872 2527 1042 2587 violentius
1056 2529 1173 2605 tracta,

63 2637 220 2698 interdum
249 2637 532 2696 accommodatione
562 2638 696 2715 gratiam
717 2639 749 2697 et
779 2637 894 2698 cultum
923 2638 1105 2726 impendens
1133 2640 1174 2699 ad

64 2747 211 2824 corporis
234 2748 513 2807 conservationem.
559 2748 622 2808 Aut
646 2749 800 2824 quomodo
829 2764 890 2807 non
920 2748 1066 2809 iniustum
1093 2751 1172 2826 [est]
1231 2737 1235 2751 ’

65 2857 199 2917 animam
222 2856 260 2915 de
276 2855 315 2914 iis
337 2857 437 2916 sclam
460 2857 593 2918 iudicari
614 2859 754 2934 adquae
776 2859 944 2918 seeundum
967 2876 1053 2918 suam
1075 2860 1174 2936 ipsius

65 2970 208 3028 naturam
240 2965 357 3026 nussum
386 2965 484 3026 habet
511 2968 633 3029 omnino
664 2968 856 3045 appetitum,
887 2982 944 3026 neo
965 2971 1095 3045 motum,
1117 2985 1175 3028 neo

65 3282 101 3334 sis
120 3279 199 3332 multe
227 3278 325 3332 iseiiios
345 3282 431 3331 currat
447 3279 602 3333 senteutia.“
707 3282 733 3335 5.
752 3278 835 3345 πρὸς]
860 3279 940 3330 deest
957 3277 1021 3344 Arg.

65 3365 170 3419 —Pro
194 3381 268 3432 τνγχ.
295 3360 429 3425 πολλάκις
461 3363 556 3417 Pani
579 3368 605 3417 et
708 3363 733 3420 6.
752 3363 824 3417 acad
844 3367 975 3428 evocem]
1012 3363 1055 3416 Sic
1072 3362 1132 3416 Par.
1149 3365 1177 3417 1.

66 3451 136 3505 Clas.
155 3450 173 3502 2
189 3446 324 3510 πολλάκις
341 3465 415 3515 coyt.
639 3450 664 3503 ³.
690 3452 754 3520 Arg.
779 3449 882 3504 Clam
909 3453 936 3500 et
956 3448 1069 3518 Marem
1098 3455 1175 3504 escit.

639 3535 710 3589 codd.
739 3537 797 3590 meti
823 3540 848 3587 ei
867 3529 1087 3602 adieceritis
1110 3551 1176 3590 σον·

639 3638 704 3686 epar.
740 3620 823 3673 Antea
847 3614 897 3685 pta
921 3620 947 3671 in
973 3619 1032 3672 Aet.
1055 3634 1107 3674 non
1131 3637 1176 3691 ap-

67 3752 139 3812 olea
159 3747 216 3824 ὅτι,
234 3750 328 3821 παρὸν
345 3749 503 3822 νηστεύειν,
521 3747 605 3823 ἢτοῦ
639 3707 849 3805 Weti'lioem
873 3703 938 3756 idem
971 3702 1105 3774 βιοτὲςον
1130 3722 1177 3776 pro

641 3791 812 3860 βιαιοτερον.

66 3839 198 3910 νάματος
224 3839 347 3908 ἀδοανία
367 3832 555 3906 ὑφαιρεῖσθαί
578 3858 606 3893 τι
711 3875 736 3927 7.
763 3867 819 3926 ἄλλ,
847 3869 889 3941 δὲ]
924 3874 961 3927 m
991 3890 1079 3929 „mm
1104 3875 1177 3929 codd·

66 3929 120 3998 ’ἧς
133 3923 271 3997 ἆκλῐβθῦἳ
285 3921 478 3996 mmmm
496 3927 605 3994 mm.
643 3962 716 4015 mati:
735 3958 797 4013 editi
815 3957 845 4013 δὲ
863 3959 1012 4012 omiserunt.

67 4033 110 4076 ος.

134 3586 160 3639 3.
185 3581 235 3639 deci
251 3603 276 3636 τ.
297 3602 321 3636 τ.
347 3579 417 3651 scip.
437 3579 493 3637 ive.
510 3602 540 3639 τε
557 3583 605 3638 κοιλ

64 3675 121 3740 te]
159 3668 330 3725 Scholion
350 3669 376 3720 in
394 3683 474 3736 marg.
495 3669 553 3722 Par.
573 3671 603 3724 1:

710 4046 736 4098 8.
754 4039 900 4113 ἡντινοῦν]
920 4045 984 4111 Arg.
1001 4044 1059 4097 Par.
1070 4044 1095 4098 3.
1110 4044 1178 4097 cnr.

63 4160 68 4168 ·
137 4132 164 4186 4.
182 4125 252 4200 μὴν]
272 4131 331 4185 Aet
353 4129 403 4201 pri.
643 4130 660 4184 ’Ζ
678 4123 779 4199 visseco
805 4131 857 4186 οὖν
881 4129 955 4197 (sie).

103 4226 186 4297 corp.
205 4223 290 4294 spen,
310 4225 365 4278 ici.
385 4224 441 4278 vu.
931 4222 972 4286 18
