<?xml version="1.0" encoding="UTF-8"?>
<!DOCTYPE html PUBLIC "-//W3C//DTD XHTML 1.0 Transitional//EN"
    "http://www.w3.org/TR/xhtml1/DTD/xhtml1-transitional.dtd">
<html xmlns="http://www.w3.org/1999/xhtml" xml:lang="en" lang="en">
 <head>
  <title>
</title>
<meta http-equiv="Content-Type" content="text/html;charset=utf-8" />
  <meta name='ocr-system' content='tesseract 3.04.00' />
  <meta name='ocr-capabilities' content='ocr_page ocr_carea ocr_par ocr_line ocrx_word'/>
</head>
<body>
  <div class='ocr_page' id='page_1' title='image "./corpusapologeta01unkngoog_0659.png"; bbox 0 0 2708 4666; ppageno 0'>
   <div class='ocr_carea' id='block_1_1' title="bbox 289 111 1165 223">
    <p class='ocr_par' dir='ltr' id='par_1_1' title="bbox 289 111 1165 223">
     <span class='ocr_line' id='line_1_1' title="bbox 289 111 1165 223; baseline 0.001 -2"><span class='ocrx_word' id='word_1_1' title='bbox 289 158 343 222; x_wconf 81' lang='lat' dir='ltr'><strong>nu</strong></span> <span class='ocrx_word' id='word_1_2' title='bbox 366 159 699 223; x_wconf 81' lang='lat' dir='ltr'><strong>aasunnscrrons</strong></span> <span class='ocrx_word' id='word_1_3' title='bbox 721 159 976 223; x_wconf 84' lang='lat' dir='ltr'><strong>nonruonuu.</strong></span> <span class='ocrx_word' id='word_1_4' title='bbox 1049 111 1053 124; x_wconf 40' lang='lat'>⁸</span> <span class='ocrx_word' id='word_1_5' title='bbox 1101 155 1165 222; x_wconf 74' lang='lat'><strong>285</strong></span> 
     </span>
    </p>
   </div>
   <div class='ocr_carea' id='block_1_2' title="bbox 56 310 1170 1838">
    <p class='ocr_par' dir='ltr' id='par_1_2' title="bbox 56 310 1170 1838">
     <span class='ocr_line' id='line_1_2' title="bbox 60 310 1167 411; baseline -0.005 -16"><span class='ocrx_word' id='word_1_6' title='bbox 60 337 152 396; x_wconf 85' lang='lat' dir='ltr'><strong>eruut</strong></span> <span class='ocrx_word' id='word_1_7' title='bbox 177 334 325 410; x_wconf 76' lang='lat' dir='ltr'><strong>superest</strong></span> <span class='ocrx_word' id='word_1_8' title='bbox 353 335 388 394; x_wconf 86' lang='lat' dir='ltr'><strong>ut</strong></span> <span class='ocrx_word' id='word_1_9' title='bbox 407 337 440 392; x_wconf 90' lang='lat' dir='ltr'><strong>et</strong></span> <span class='ocrx_word' id='word_1_10' title='bbox 463 335 676 411; x_wconf 72' lang='lat' dir='ltr'><strong>argumentum</strong></span> <span class='ocrx_word' id='word_1_11' title='bbox 700 332 784 409; x_wconf 92' lang='lat' dir='ltr'><strong>qnod</strong></span> <span class='ocrx_word' id='word_1_12' title='bbox 805 350 846 393; x_wconf 84' lang='lat' dir='ltr'><strong>ex</strong></span> <span class='ocrx_word' id='word_1_13' title='bbox 867 333 929 394; x_wconf 87' lang='lat' dir='ltr'><strong>tine</strong></span> <span class='ocrx_word' id='word_1_14' title='bbox 948 312 1071 394; x_wconf 87' lang='lat' dir='ltr'><strong>ducitur</strong></span> <span class='ocrx_word' id='word_1_15' title='bbox 1090 310 1167 392; x_wconf 84' lang='lat' dir='ltr'><strong>con·</strong></span> 
     </span>
     <span class='ocr_line' id='line_1_3' title="bbox 59 442 1168 520; baseline -0.005 -14"><span class='ocrx_word' id='word_1_16' title='bbox 59 447 252 520; x_wconf 78' lang='lat' dir='ltr'><strong>uideremus,</strong></span> <span class='ocrx_word' id='word_1_17' title='bbox 274 445 334 503; x_wconf 90' lang='lat' dir='ltr'><strong>iam</strong></span> <span class='ocrx_word' id='word_1_18' title='bbox 351 443 475 519; x_wconf 90' lang='lat' dir='ltr'><strong>quidem</strong></span> <span class='ocrx_word' id='word_1_19' title='bbox 500 460 540 502; x_wconf 85' lang='lat' dir='ltr'><strong>ex</strong></span> <span class='ocrx_word' id='word_1_20' title='bbox 562 443 600 501; x_wconf 93' lang='lat' dir='ltr'><strong>iis</strong></span> <span class='ocrx_word' id='word_1_21' title='bbox 618 459 699 519; x_wconf 88' lang='lat' dir='ltr'><strong>quae</strong></span> <span class='ocrx_word' id='word_1_22' title='bbox 722 444 806 502; x_wconf 87' lang='lat' dir='ltr'><strong>dicta</strong></span> <span class='ocrx_word' id='word_1_23' title='bbox 829 446 902 503; x_wconf 87' lang='lat' dir='ltr'><strong>suut</strong></span> <span class='ocrx_word' id='word_1_24' title='bbox 925 442 1074 518; x_wconf 79' lang='lat' dir='ltr'>elucens,</span> <span class='ocrx_word' id='word_1_25' title='bbox 1095 444 1168 500; x_wconf 91' lang='lat' dir='ltr'><strong>tan·</strong></span> 
     </span>
     <span class='ocr_line' id='line_1_4' title="bbox 59 552 1166 630; baseline -0.003 -17"><span class='ocrx_word' id='word_1_26' title='bbox 59 558 124 616; x_wconf 94' lang='lat' dir='ltr'><strong>tum</strong></span> <span class='ocrx_word' id='word_1_27' title='bbox 149 569 226 612; x_wconf 92' lang='lat' dir='ltr'><strong>vero</strong></span> <span class='ocrx_word' id='word_1_28' title='bbox 252 552 515 611; x_wconf 76' lang='lat' dir='ltr'><strong>considerationis</strong></span> <span class='ocrx_word' id='word_1_29' title='bbox 539 556 571 612; x_wconf 87' lang='lat' dir='ltr'><strong>et</strong></span> <span class='ocrx_word' id='word_1_30' title='bbox 603 554 792 613; x_wconf 76' lang='lat' dir='ltr'><strong>accessionis</strong></span> <span class='ocrx_word' id='word_1_31' title='bbox 808 555 991 630; x_wconf 90' lang='lat' dir='ltr'><strong>requirens,</strong></span> <span class='ocrx_word' id='word_1_32' title='bbox 1021 553 1166 627; x_wconf 87' lang='lat' dir='ltr'><strong>quantum</strong></span> 
     </span>
     <span class='ocr_line' id='line_1_5' title="bbox 59 661 1168 741; baseline -0.004 -18"><span class='ocrx_word' id='word_1_33' title='bbox 59 680 140 741; x_wconf 91' lang='lat' dir='ltr'><strong>opus</strong></span> <span class='ocrx_word' id='word_1_34' title='bbox 163 665 263 721; x_wconf 89' lang='lat' dir='ltr'><strong>estut</strong></span> <span class='ocrx_word' id='word_1_35' title='bbox 279 678 339 721; x_wconf 92' lang='lat' dir='ltr'><strong>non</strong></span> <span class='ocrx_word' id='word_1_36' title='bbox 362 662 523 721; x_wconf 85' lang='lat' dir='ltr'><strong>videamur</strong></span> <span class='ocrx_word' id='word_1_37' title='bbox 548 662 667 738; x_wconf 90' lang='lat' dir='ltr'><strong>aliquid</strong></span> <span class='ocrx_word' id='word_1_38' title='bbox 685 680 725 722; x_wconf 84' lang='lat' dir='ltr'><strong>ex</strong></span> <span class='ocrx_word' id='word_1_39' title='bbox 740 664 780 723; x_wconf 91' lang='lat' dir='ltr'><strong>iis</strong></span> <span class='ocrx_word' id='word_1_40' title='bbox 802 680 882 740; x_wconf 87' lang='lat' dir='ltr'><strong>quae</strong></span> <span class='ocrx_word' id='word_1_41' title='bbox 903 664 1012 741; x_wconf 90' lang='lat' dir='ltr'><strong>paucis</strong></span> <span class='ocrx_word' id='word_1_42' title='bbox 1037 661 1168 720; x_wconf 85' lang='lat' dir='ltr'><strong>anobis</strong></span> 
     </span>
     <span class='ocr_line' id='line_1_6' title="bbox 59 772 1168 848; baseline -0.004 -14"><span class='ocrx_word' id='word_1_43' title='bbox 59 775 144 834; x_wconf 89' lang='lat' dir='ltr'><strong>dicta</strong></span> <span class='ocrx_word' id='word_1_44' title='bbox 180 777 251 833; x_wconf 91' lang='lat' dir='ltr'><strong>sunt</strong></span> <span class='ocrx_word' id='word_1_45' title='bbox 283 773 524 832; x_wconf 84' lang='lat' dir='ltr'><strong>immemoratum</strong></span> <span class='ocrx_word' id='word_1_46' title='bbox 556 772 737 848; x_wconf 83' lang='lat' dir='ltr'><strong>relinquero</strong></span> <span class='ocrx_word' id='word_1_47' title='bbox 769 778 801 832; x_wconf 89' lang='lat' dir='ltr'><strong>et</strong></span> <span class='ocrx_word' id='word_1_48' title='bbox 833 772 993 832; x_wconf 88' lang='lat' dir='ltr'><strong>materiam</strong></span> <span class='ocrx_word' id='word_1_49' title='bbox 1018 774 1072 831; x_wconf 87' lang='lat' dir='ltr'><strong>aut</strong></span> <span class='ocrx_word' id='word_1_50' title='bbox 1095 788 1168 831; x_wconf 90' lang='lat' dir='ltr'><strong>sus·</strong></span> 
     </span>
     <span class='ocr_line' id='line_1_7' title="bbox 56 882 1168 961; baseline -0.004 -16"><span class='ocrx_word' id='word_1_51' title='bbox 56 886 180 961; x_wconf 79' lang='lat' dir='ltr'><strong>neptem</strong></span> <span class='ocrx_word' id='word_1_52' title='bbox 198 883 237 942; x_wconf 90' lang='lat' dir='ltr'><strong>ab</strong></span> <span class='ocrx_word' id='word_1_53' title='bbox 252 883 342 941; x_wconf 89' lang='lat' dir='ltr'><strong>initio</strong></span> <span class='ocrx_word' id='word_1_54' title='bbox 357 882 542 941; x_wconf 89' lang='lat' dir='ltr'><strong>divisionem</strong></span> <span class='ocrx_word' id='word_1_55' title='bbox 561 883 701 942; x_wconf 89' lang='lat' dir='ltr'><strong>laedere.</strong></span> <span class='ocrx_word' id='word_1_56' title='bbox 737 882 851 958; x_wconf 85' lang='lat' dir='ltr'><strong>llorum</strong></span> <span class='ocrx_word' id='word_1_57' title='bbox 873 884 970 960; x_wconf 79' lang='lat' dir='ltr'><strong>igitur</strong></span> <span class='ocrx_word' id='word_1_58' title='bbox 989 882 1168 958; x_wconf 75' lang='lat' dir='ltr'><strong>ingratiam</strong></span> 
     </span>
     <span class='ocr_line' id='line_1_8' title="bbox 58 989 1169 1068; baseline -0.005 -13"><span class='ocrx_word' id='word_1_59' title='bbox 58 999 91 1055; x_wconf 89' lang='lat' dir='ltr'><strong>et</strong></span> <span class='ocrx_word' id='word_1_60' title='bbox 116 1011 222 1054; x_wconf 90' lang='lat' dir='ltr'><strong>eorum</strong></span> <span class='ocrx_word' id='word_1_61' title='bbox 252 993 304 1068; x_wconf 91' lang='lat' dir='ltr'><strong>qui</strong></span> <span class='ocrx_word' id='word_1_62' title='bbox 328 991 386 1050; x_wconf 89' lang='lat' dir='ltr'><strong>bas</strong></span> <span class='ocrx_word' id='word_1_63' title='bbox 415 992 445 1050; x_wconf 93' lang='lat' dir='ltr'><strong>in</strong></span> <span class='ocrx_word' id='word_1_64' title='bbox 479 1008 533 1051; x_wconf 92' lang='lat' dir='ltr'><strong>res</strong></span> <span class='ocrx_word' id='word_1_65' title='bbox 557 992 733 1050; x_wconf 79' lang='lat' dir='ltr'><strong>incumbent</strong></span> <span class='ocrx_word' id='word_1_66' title='bbox 765 993 962 1068; x_wconf 89' lang='lat' dir='ltr'><strong>praeclarum</strong></span> <span class='ocrx_word' id='word_1_67' title='bbox 991 991 1088 1051; x_wconf 88' lang='lat' dir='ltr'><strong>suerit</strong></span> <span class='ocrx_word' id='word_1_68' title='bbox 1108 989 1169 1050; x_wconf 93' lang='lat' dir='ltr'><strong>boc</strong></span> 
     </span>
     <span class='ocr_line' id='line_1_9' title="bbox 58 1102 1169 1178; baseline -0.005 -13"><span class='ocrx_word' id='word_1_69' title='bbox 58 1103 272 1165; x_wconf 85' lang='lat' dir='ltr'><strong>tantummodo</strong></span> <span class='ocrx_word' id='word_1_70' title='bbox 288 1102 477 1177; x_wconf 87' lang='lat' dir='ltr'><strong>observare,</strong></span> <span class='ocrx_word' id='word_1_71' title='bbox 501 1104 640 1178; x_wconf 83' lang='lat' dir='ltr'><strong>[nempe]</strong></span> <span class='ocrx_word' id='word_1_72' title='bbox 665 1109 698 1161; x_wconf 89' lang='lat' dir='ltr'><strong>et</strong></span> <span class='ocrx_word' id='word_1_73' title='bbox 714 1118 820 1162; x_wconf 92' lang='lat' dir='ltr'><strong>eorum</strong></span> <span class='ocrx_word' id='word_1_74' title='bbox 835 1119 915 1178; x_wconf 85' lang='lat' dir='ltr'><strong>quae</strong></span> <span class='ocrx_word' id='word_1_75' title='bbox 930 1119 949 1161; x_wconf 89' lang='lat' dir='ltr'><strong>a</strong></span> <span class='ocrx_word' id='word_1_76' title='bbox 964 1106 1075 1161; x_wconf 88' lang='lat' dir='ltr'><strong>natura</strong></span> <span class='ocrx_word' id='word_1_77' title='bbox 1092 1117 1169 1160; x_wconf 92' lang='lat' dir='ltr'><strong>con·</strong></span> 
     </span>
     <span class='ocr_line' id='line_1_10' title="bbox 59 1210 1169 1288; baseline -0.007 -12"><span class='ocrx_word' id='word_1_78' title='bbox 59 1217 172 1276; x_wconf 85' lang='lat' dir='ltr'><strong>stituta</strong></span> <span class='ocrx_word' id='word_1_79' title='bbox 188 1216 260 1273; x_wconf 90' lang='lat' dir='ltr'><strong>sunt</strong></span> <span class='ocrx_word' id='word_1_80' title='bbox 277 1215 432 1271; x_wconf 89' lang='lat' dir='ltr'><strong>eteorum</strong></span> <span class='ocrx_word' id='word_1_81' title='bbox 451 1228 531 1287; x_wconf 85' lang='lat' dir='ltr'><strong>quae</strong></span> <span class='ocrx_word' id='word_1_82' title='bbox 555 1223 624 1271; x_wconf 89' lang='lat' dir='ltr'><strong>arte</strong></span> <span class='ocrx_word' id='word_1_83' title='bbox 640 1212 717 1271; x_wconf 87' lang='lat' dir='ltr'><strong>fiunt</strong></span> <span class='ocrx_word' id='word_1_84' title='bbox 734 1213 895 1288; x_wconf 90' lang='lat' dir='ltr'><strong>proprium</strong></span> <span class='ocrx_word' id='word_1_85' title='bbox 915 1212 1062 1286; x_wconf 92' lang='lat' dir='ltr'><strong>cuiusque</strong></span> <span class='ocrx_word' id='word_1_86' title='bbox 1079 1210 1169 1269; x_wconf 87' lang='lat' dir='ltr'><strong>linem</strong></span> 
     </span>
     <span class='ocr_line' id='line_1_11' title="bbox 59 1322 1169 1398; baseline -0.007 -12"><span class='ocrx_word' id='word_1_87' title='bbox 59 1343 133 1386; x_wconf 90' lang='lat' dir='ltr'><strong>esse</strong></span> <span class='ocrx_word' id='word_1_88' title='bbox 158 1324 292 1383; x_wconf 88' lang='lat' dir='ltr'><strong>debere:</strong></span> <span class='ocrx_word' id='word_1_89' title='bbox 328 1323 411 1398; x_wconf 92' lang='lat' dir='ltr'><strong>quod</strong></span> <span class='ocrx_word' id='word_1_90' title='bbox 438 1322 560 1397; x_wconf 87' lang='lat' dir='ltr'><strong>quidem</strong></span> <span class='ocrx_word' id='word_1_91' title='bbox 590 1326 623 1380; x_wconf 87' lang='lat' dir='ltr'><strong>ot</strong></span> <span class='ocrx_word' id='word_1_92' title='bbox 649 1322 817 1381; x_wconf 87' lang='lat' dir='ltr'><strong>communis</strong></span> <span class='ocrx_word' id='word_1_93' title='bbox 846 1322 978 1381; x_wconf 91' lang='lat' dir='ltr'><strong>omnium</strong></span> <span class='ocrx_word' id='word_1_94' title='bbox 995 1322 1081 1381; x_wconf 92' lang='lat' dir='ltr'><strong>notio</strong></span> <span class='ocrx_word' id='word_1_95' title='bbox 1111 1336 1169 1380; x_wconf 89' lang='lat' dir='ltr'><strong>uos</strong></span> 
     </span>
     <span class='ocr_line' id='line_1_12' title="bbox 60 1430 1168 1509; baseline -0.005 -14"><span class='ocrx_word' id='word_1_96' title='bbox 60 1437 155 1496; x_wconf 91' lang='lat' dir='ltr'><strong>docet</strong></span> <span class='ocrx_word' id='word_1_97' title='bbox 185 1438 218 1493; x_wconf 92' lang='lat' dir='ltr'><strong>et</strong></span> <span class='ocrx_word' id='word_1_98' title='bbox 246 1450 299 1492; x_wconf 89' lang='lat' dir='ltr'><strong>res</strong></span> <span class='ocrx_word' id='word_1_99' title='bbox 330 1439 403 1491; x_wconf 88' lang='lat' dir='ltr'><strong>ante</strong></span> <span class='ocrx_word' id='word_1_100' title='bbox 432 1431 541 1491; x_wconf 91' lang='lat' dir='ltr'><strong>oculos</strong></span> <span class='ocrx_word' id='word_1_101' title='bbox 564 1433 687 1509; x_wconf 89' lang='lat' dir='ltr'><strong>positae</strong></span> <span class='ocrx_word' id='word_1_102' title='bbox 716 1434 881 1491; x_wconf 87' lang='lat' dir='ltr'><strong>testantur.</strong></span> <span class='ocrx_word' id='word_1_103' title='bbox 926 1432 975 1490; x_wconf 84' lang='lat' dir='ltr'><strong>An</strong></span> <span class='ocrx_word' id='word_1_104' title='bbox 1000 1447 1062 1490; x_wconf 91' lang='lat' dir='ltr'><strong>non</strong></span> <span class='ocrx_word' id='word_1_105' title='bbox 1088 1430 1168 1490; x_wconf 89' lang='lat' dir='ltr'><strong>enim</strong></span> 
     </span>
     <span class='ocr_line' id='line_1_13' title="bbox 60 1540 1170 1619; baseline -0.005 -14"><span class='ocrx_word' id='word_1_106' title='bbox 60 1545 203 1605; x_wconf 87' lang='lat' dir='ltr'><strong>videmus</strong></span> <span class='ocrx_word' id='word_1_107' title='bbox 229 1543 323 1602; x_wconf 90' lang='lat' dir='ltr'><strong>alium</strong></span> <span class='ocrx_word' id='word_1_108' title='bbox 347 1558 419 1600; x_wconf 87' lang='lat' dir='ltr'><strong>esse</strong></span> <span class='ocrx_word' id='word_1_109' title='bbox 441 1542 607 1618; x_wconf 73' lang='lat' dir='ltr'><strong>agricolis,</strong></span> <span class='ocrx_word' id='word_1_110' title='bbox 640 1541 733 1601; x_wconf 90' lang='lat' dir='ltr'><strong>alium</strong></span> <span class='ocrx_word' id='word_1_111' title='bbox 759 1540 886 1599; x_wconf 93' lang='lat' dir='ltr'><strong>modicis</strong></span> <span class='ocrx_word' id='word_1_112' title='bbox 911 1542 1106 1619; x_wconf 90' lang='lat' dir='ltr'><strong>propositum</strong></span> <span class='ocrx_word' id='word_1_113' title='bbox 1130 1541 1170 1599; x_wconf 85' lang='lat' dir='ltr'><strong>fi-</strong></span> 
     </span>
     <span class='ocr_line' id='line_1_14' title="bbox 60 1652 1169 1732; baseline -0.004 -17"><span class='ocrx_word' id='word_1_114' title='bbox 60 1671 148 1731; x_wconf 89' lang='lat' dir='ltr'><strong>nem,</strong></span> <span class='ocrx_word' id='word_1_115' title='bbox 169 1671 205 1713; x_wconf 91' lang='lat' dir='ltr'><strong>ac</strong></span> <span class='ocrx_word' id='word_1_116' title='bbox 227 1668 336 1712; x_wconf 90' lang='lat' dir='ltr'><strong>rursus</strong></span> <span class='ocrx_word' id='word_1_117' title='bbox 358 1652 452 1711; x_wconf 85' lang='lat' dir='ltr'><strong>alium</strong></span> <span class='ocrx_word' id='word_1_118' title='bbox 475 1668 581 1711; x_wconf 92' lang='lat' dir='ltr'><strong>eorum</strong></span> <span class='ocrx_word' id='word_1_119' title='bbox 606 1668 685 1727; x_wconf 84' lang='lat' dir='ltr'><strong>quae</strong></span> <span class='ocrx_word' id='word_1_120' title='bbox 709 1653 850 1709; x_wconf 84' lang='lat' dir='ltr'><strong>exterra</strong></span> <span class='ocrx_word' id='word_1_121' title='bbox 867 1653 1052 1732; x_wconf 86' lang='lat' dir='ltr'><strong>nascuntur,</strong></span> <span class='ocrx_word' id='word_1_122' title='bbox 1075 1653 1169 1712; x_wconf 91' lang='lat' dir='ltr'><strong>alium</strong></span> 
     </span>
     <span class='ocr_line' id='line_1_15' title="bbox 61 1760 1170 1838; baseline -0.004 -13"><span class='ocrx_word' id='word_1_123' title='bbox 61 1780 140 1825; x_wconf 88' lang='lat' dir='ltr'><strong>vero</strong></span> <span class='ocrx_word' id='word_1_124' title='bbox 163 1763 337 1822; x_wconf 89' lang='lat' dir='ltr'><strong>animalium</strong></span> <span class='ocrx_word' id='word_1_125' title='bbox 367 1777 447 1837; x_wconf 89' lang='lat' dir='ltr'><strong>quae</strong></span> <span class='ocrx_word' id='word_1_126' title='bbox 477 1761 506 1819; x_wconf 93' lang='lat' dir='ltr'><strong>in</strong></span> <span class='ocrx_word' id='word_1_127' title='bbox 534 1765 620 1819; x_wconf 89' lang='lat' dir='ltr'><strong>terra</strong></span> <span class='ocrx_word' id='word_1_128' title='bbox 651 1760 793 1820; x_wconf 83' lang='lat' dir='ltr'><strong>victitant</strong></span> <span class='ocrx_word' id='word_1_129' title='bbox 817 1762 850 1819; x_wconf 89' lang='lat' dir='ltr'><strong>et</strong></span> <span class='ocrx_word' id='word_1_130' title='bbox 872 1761 1008 1820; x_wconf 89' lang='lat' dir='ltr'><strong>naturali</strong></span> <span class='ocrx_word' id='word_1_131' title='bbox 1037 1762 1170 1838; x_wconf 88' lang='lat' dir='ltr'><strong>quadam</strong></span> 
     </span>
    </p>
   </div>
   <div class='ocr_carea' id='block_1_3' title="bbox 59 2000 1171 2072">
    <p class='ocr_par' dir='ltr' id='par_1_3' title="bbox 59 2000 1171 2072">
     <span class='ocr_line' id='line_1_16' title="bbox 59 2000 1171 2072; baseline -0.004 -13"><span class='ocrx_word' id='word_1_132' title='bbox 59 2003 192 2072; x_wconf 70' lang='grc' dir='ltr'><strong>γενέσεως</strong></span> <span class='ocrx_word' id='word_1_133' title='bbox 209 2003 254 2058; x_wconf 69' lang='grc' dir='ltr'><strong><em>καὶ</em></strong></span> <span class='ocrx_word' id='word_1_134' title='bbox 275 2003 326 2071; x_wconf 77' lang='grc' dir='ltr'><strong>τῆς</strong></span> <span class='ocrx_word' id='word_1_135' title='bbox 344 2003 400 2054; x_wconf 74' lang='lat' dir='ltr'><strong>cciv</strong></span> <span class='ocrx_word' id='word_1_136' title='bbox 414 2000 513 2068; x_wconf 79' lang='grc' dir='ltr'><strong><em>φυτῶν</em></strong></span> <span class='ocrx_word' id='word_1_137' title='bbox 531 2001 598 2070; x_wconf 71' lang='lat' dir='ltr'><strong>dirr-</strong></span> <span class='ocrx_word' id='word_1_138' title='bbox 636 2001 789 2052; x_wconf 86' lang='lat' dir='ltr'><strong>natissimam</strong></span> <span class='ocrx_word' id='word_1_139' title='bbox 828 2000 970 2066; x_wconf 80' lang='lat' dir='ltr'><strong>praebeant.</strong></span> <span class='ocrx_word' id='word_1_140' title='bbox 1025 2002 1171 2054; x_wconf 81' lang='lat' dir='ltr'><strong>lnserriuot</strong></span> 
     </span>
    </p>
   </div>
   <div class='ocr_carea' id='block_1_4' title="bbox 61 2082 1172 2676">
    <p class='ocr_par' dir='ltr' id='par_1_4' title="bbox 61 2082 1172 2332">
     <span class='ocr_line' id='line_1_17' title="bbox 61 2082 1172 2164; baseline 0.003 -18"><span class='ocrx_word' id='word_1_141' title='bbox 61 2089 200 2160; x_wconf 69' lang='lat' dir='ltr'><strong>orricium,</strong></span> <span class='ocrx_word' id='word_1_142' title='bbox 216 2091 271 2143; x_wconf 79' lang='lat' dir='ltr'><strong>rain</strong></span> <span class='ocrx_word' id='word_1_143' title='bbox 289 2084 360 2141; x_wconf 74' lang='lat' dir='ltr'><strong>nutri</strong></span> <span class='ocrx_word' id='word_1_144' title='bbox 379 2087 478 2154; x_wconf 78' lang='grc' dir='ltr'><em>τέχνην</em></span> <span class='ocrx_word' id='word_1_145' title='bbox 497 2082 535 2148; x_wconf 72' lang='grc' dir='ltr'><strong>ὦς</strong></span> <span class='ocrx_word' id='word_1_146' title='bbox 555 2084 599 2142; x_wconf 74' lang='lat' dir='ltr'><strong>tut</strong></span> <span class='ocrx_word' id='word_1_147' title='bbox 635 2097 702 2148; x_wconf 91' lang='lat' dir='ltr'><strong>enim</strong></span> <span class='ocrx_word' id='word_1_148' title='bbox 720 2095 844 2147; x_wconf 85' lang='lat' dir='ltr'><strong>elementa</strong></span> <span class='ocrx_word' id='word_1_149' title='bbox 861 2097 1009 2162; x_wconf 85' lang='lat' dir='ltr'><strong>corporibus</strong></span> <span class='ocrx_word' id='word_1_150' title='bbox 1034 2097 1172 2164; x_wconf 85' lang='lat' dir='ltr'><strong>mixtis,</strong></span> 
     </span>
     <span class='ocr_line' id='line_1_18' title="bbox 61 2173 1171 2249; baseline 0.007 -22"><span class='ocrx_word' id='word_1_151' title='bbox 61 2178 172 2244; x_wconf 67' lang='grc' dir='ltr'><strong><em>σπορᾶς</em></strong></span> <span class='ocrx_word' id='word_1_152' title='bbox 201 2176 247 2228; x_wconf 72' lang='lat' dir='ltr'><strong>nat</strong></span> <span class='ocrx_word' id='word_1_153' title='bbox 275 2176 400 2242; x_wconf 77' lang='lat' dir='ltr'><strong>perrier-</strong></span> <span class='ocrx_word' id='word_1_154' title='bbox 425 2202 458 2213; x_wconf 93' lang='lat'><em>-</em></span> <span class='ocrx_word' id='word_1_155' title='bbox 492 2173 600 2227; x_wconf 74' lang='lat' dir='ltr'><strong>ciant</strong></span> <span class='ocrx_word' id='word_1_156' title='bbox 635 2184 662 2233; x_wconf 85' lang='lat' dir='ltr'><strong>et</strong></span> <span class='ocrx_word' id='word_1_157' title='bbox 686 2180 774 2232; x_wconf 90' lang='lat' dir='ltr'><strong>irorum</strong></span> <span class='ocrx_word' id='word_1_158' title='bbox 806 2181 940 2231; x_wconf 85' lang='lat' dir='ltr'><strong>inanimata</strong></span> <span class='ocrx_word' id='word_1_159' title='bbox 971 2183 1078 2249; x_wconf 86' lang='lat' dir='ltr'><strong>rivis,</strong></span> <span class='ocrx_word' id='word_1_160' title='bbox 1103 2183 1171 2235; x_wconf 91' lang='lat' dir='ltr'><strong>inter</strong></span> 
     </span>
     <span class='ocr_line' id='line_1_19' title="bbox 61 2258 1171 2332; baseline 0.004 -15"><span class='ocrx_word' id='word_1_161' title='bbox 61 2261 278 2332; x_wconf 77' lang='lat' dir='ltr'><strong>eris(prornin)</strong></span> <span class='ocrx_word' id='word_1_162' title='bbox 299 2258 327 2314; x_wconf 74' lang='lat' dir='ltr'><strong>ln</strong></span> <span class='ocrx_word' id='word_1_163' title='bbox 347 2259 414 2326; x_wconf 74' lang='lat' dir='ltr'><strong>mdc.</strong></span> <span class='ocrx_word' id='word_1_164' title='bbox 635 2266 689 2317; x_wconf 85' lang='lat' dir='ltr'><strong>rire</strong></span> <span class='ocrx_word' id='word_1_165' title='bbox 720 2266 814 2331; x_wconf 83' lang='lat' dir='ltr'><strong>stirpes</strong></span> <span class='ocrx_word' id='word_1_166' title='bbox 848 2265 1071 2330; x_wconf 80' lang='lat' dir='ltr'><strong>animalibus,</strong></span> <span class='ocrx_word' id='word_1_167' title='bbox 1103 2268 1171 2321; x_wconf 91' lang='lat' dir='ltr'><strong>inter</strong></span> 
     </span>
    </p>

    <p class='ocr_par' dir='ltr' id='par_1_5' title="bbox 62 2343 1171 2676">
     <span class='ocr_line' id='line_1_20' title="bbox 130 2343 1171 2422; baseline 0.003 -19"><span class='ocrx_word' id='word_1_168' title='bbox 130 2350 157 2403; x_wconf 81' lang='lat'><strong>5.</strong></span> <span class='ocrx_word' id='word_1_169' title='bbox 176 2343 262 2403; x_wconf 81' lang='grc' dir='ltr'><strong><em>τοῦτό</em></strong></span> <span class='ocrx_word' id='word_1_170' title='bbox 281 2352 349 2411; x_wconf 83' lang='grc' dir='ltr'>που]</span> <span class='ocrx_word' id='word_1_171' title='bbox 369 2350 404 2400; x_wconf 86' lang='lat' dir='ltr'><strong>lte</strong></span> <span class='ocrx_word' id='word_1_172' title='bbox 421 2361 509 2399; x_wconf 88' lang='lat' dir='ltr'><strong>omnes</strong></span> <span class='ocrx_word' id='word_1_173' title='bbox 527 2344 599 2397; x_wconf 86' lang='lat' dir='ltr'><strong>codd.</strong></span> <span class='ocrx_word' id='word_1_174' title='bbox 634 2351 748 2401; x_wconf 88' lang='lat' dir='ltr'><strong>animalia</strong></span> <span class='ocrx_word' id='word_1_175' title='bbox 762 2348 873 2420; x_wconf 82' lang='lat' dir='ltr'><strong>pecudes</strong></span> <span class='ocrx_word' id='word_1_176' title='bbox 891 2350 1033 2404; x_wconf 83' lang='lat' dir='ltr'><strong>bomini=</strong></span> <span class='ocrx_word' id='word_1_177' title='bbox 1046 2358 1120 2422; x_wconf 85' lang='lat' dir='ltr'><strong>atque</strong></span> <span class='ocrx_word' id='word_1_178' title='bbox 1134 2355 1171 2406; x_wconf 90' lang='lat' dir='ltr'><strong>sic</strong></span> 
     </span>
     <span class='ocr_line' id='line_1_21' title="bbox 62 2432 1171 2509; baseline 0.005 -21"><span class='ocrx_word' id='word_1_179' title='bbox 62 2437 131 2489; x_wconf 88' lang='lat' dir='ltr'><strong>msti.</strong></span> <span class='ocrx_word' id='word_1_180' title='bbox 177 2435 291 2488; x_wconf 83' lang='lat' dir='ltr'><strong>Nunnius</strong></span> <span class='ocrx_word' id='word_1_181' title='bbox 326 2433 503 2504; x_wconf 83' lang='lat' dir='ltr'><strong>imprudenter</strong></span> <span class='ocrx_word' id='word_1_182' title='bbox 538 2432 599 2498; x_wconf 69' lang='lat' dir='ltr'><strong>legit</strong></span> <span class='ocrx_word' id='word_1_183' title='bbox 634 2440 718 2487; x_wconf 85' lang='lat' dir='ltr'><strong>cetere</strong></span> <span class='ocrx_word' id='word_1_184' title='bbox 736 2435 835 2503; x_wconf 87' lang='lat' dir='ltr'><strong>quidem</strong></span> <span class='ocrx_word' id='word_1_185' title='bbox 853 2438 970 2490; x_wconf 77' lang='lat' dir='ltr'><strong>universa</strong></span> <span class='ocrx_word' id='word_1_186' title='bbox 988 2443 1171 2509; x_wconf 86' lang='lat' dir='ltr'><strong>suntpropter</strong></span> 
     </span>
     <span class='ocr_line' id='line_1_22' title="bbox 63 2516 1170 2594; baseline 0.002 -18"><span class='ocrx_word' id='word_1_187' title='bbox 63 2522 115 2576; x_wconf 82' lang='lat' dir='ltr'><strong>reri</strong></span> <span class='ocrx_word' id='word_1_188' title='bbox 141 2516 233 2574; x_wconf 77' lang='lat' dir='ltr'><strong>educo</strong></span> <span class='ocrx_word' id='word_1_189' title='bbox 257 2524 299 2585; x_wconf 86' lang='lat' dir='ltr'><strong>(ut</strong></span> <span class='ocrx_word' id='word_1_190' title='bbox 316 2520 401 2572; x_wconf 81' lang='lat' dir='ltr'><strong>Valla:</strong></span> <span class='ocrx_word' id='word_1_191' title='bbox 426 2518 514 2586; x_wconf 86' lang='lat' dir='ltr'><strong>leco),</strong></span> <span class='ocrx_word' id='word_1_192' title='bbox 532 2517 599 2570; x_wconf 91' lang='lat' dir='ltr'><strong>unde</strong></span> <span class='ocrx_word' id='word_1_193' title='bbox 633 2521 776 2584; x_wconf 89' lang='lat' dir='ltr'><strong>bominem,</strong></span> <span class='ocrx_word' id='word_1_194' title='bbox 802 2523 875 2574; x_wconf 88' lang='lat' dir='ltr'><strong>lromo</strong></span> <span class='ocrx_word' id='word_1_195' title='bbox 900 2537 960 2574; x_wconf 83' lang='lat' dir='ltr'><strong>rere</strong></span> <span class='ocrx_word' id='word_1_196' title='bbox 985 2529 1039 2588; x_wconf 85' lang='lat' dir='ltr'><strong>ipse</strong></span> <span class='ocrx_word' id='word_1_197' title='bbox 1063 2523 1170 2594; x_wconf 85' lang='lat' dir='ltr'><strong>p&#39;ropter</strong></span> 
     </span>
     <span class='ocr_line' id='line_1_23' title="bbox 63 2600 1168 2676; baseline 0.003 -15"><span class='ocrx_word' id='word_1_198' title='bbox 63 2607 155 2676; x_wconf 84' lang='lat' dir='ltr'><strong>reliqui</strong></span> <span class='ocrx_word' id='word_1_199' title='bbox 181 2607 293 2659; x_wconf 81' lang='lat' dir='ltr'><strong>editores</strong></span> <span class='ocrx_word' id='word_1_200' title='bbox 320 2606 372 2659; x_wconf 81' lang='lat' dir='ltr'><strong>rori</strong></span> <span class='ocrx_word' id='word_1_201' title='bbox 396 2600 504 2671; x_wconf 78' lang='grc' dir='ltr'><strong><em>τρόπου</em></strong></span> <span class='ocrx_word' id='word_1_202' title='bbox 522 2604 599 2656; x_wconf 83' lang='lat' dir='ltr'><strong>stulte</strong></span> <span class='ocrx_word' id='word_1_203' title='bbox 633 2604 741 2672; x_wconf 89' lang='lat' dir='ltr'><strong>deum,</strong></span> <span class='ocrx_word' id='word_1_204' title='bbox 760 2621 810 2659; x_wconf 92' lang='lat' dir='ltr'><strong>non</strong></span> <span class='ocrx_word' id='word_1_205' title='bbox 826 2607 892 2676; x_wconf 92' lang='lat' dir='ltr'><strong>quod</strong></span> <span class='ocrx_word' id='word_1_206' title='bbox 910 2623 997 2660; x_wconf 88' lang='lat' dir='ltr'><strong>carere</strong></span> <span class='ocrx_word' id='word_1_207' title='bbox 1010 2625 1102 2663; x_wconf 88' lang='lat' dir='ltr'><strong>numen</strong></span> <span class='ocrx_word' id='word_1_208' title='bbox 1117 2607 1168 2665; x_wconf 79' lang='lat' dir='ltr'><strong>uri·</strong></span> 
     </span>
    </p>
   </div>
   <div class='ocr_carea' id='block_1_5' title="bbox 62 2692 1172 3968">
    <p class='ocr_par' dir='ltr' id='par_1_6' title="bbox 62 2692 1171 2861">
     <span class='ocr_line' id='line_1_24' title="bbox 62 2692 1171 2776; baseline 0.002 -29"><span class='ocrx_word' id='word_1_209' title='bbox 62 2694 188 2747; x_wconf 89' lang='lat' dir='ltr'><strong>lecerunt.</strong></span> <span class='ocrx_word' id='word_1_210' title='bbox 249 2693 324 2744; x_wconf 86' lang='lat' dir='ltr'><strong>Solus</strong></span> <span class='ocrx_word' id='word_1_211' title='bbox 358 2692 478 2744; x_wconf 84' lang='lat' dir='ltr'><strong>bleranus</strong></span> <span class='ocrx_word' id='word_1_212' title='bbox 515 2705 599 2742; x_wconf 86' lang='lat' dir='ltr'><strong>veram</strong></span> <span class='ocrx_word' id='word_1_213' title='bbox 635 2700 821 2767; x_wconf 58' lang='lat' dir='ltr'><strong>mmmm</strong></span> <span class='ocrx_word' id='word_1_214' title='bbox 839 2718 917 2770; x_wconf 70' lang='lat'><strong>⁰90¹·</strong></span> <span class='ocrx_word' id='word_1_215' title='bbox 935 2709 1022 2758; x_wconf 71' lang='grc' dir='ltr'><strong>ῃρριη</strong></span> <span class='ocrx_word' id='word_1_216' title='bbox 1041 2722 1091 2760; x_wconf 67' lang='grc' dir='ltr'><strong>ῃρῃ</strong></span> <span class='ocrx_word' id='word_1_217' title='bbox 1110 2723 1171 2776; x_wconf 69' lang='lat'><strong>⁹⁰⁵·</strong></span> 
     </span>
     <span class='ocr_line' id='line_1_25' title="bbox 65 2775 1170 2861; baseline 0.01 -27"><span class='ocrx_word' id='word_1_218' title='bbox 65 2778 163 2831; x_wconf 78' lang='lat' dir='ltr'><strong>tuciori</strong></span> <span class='ocrx_word' id='word_1_219' title='bbox 182 2775 293 2830; x_wconf 64' lang='lat' dir='ltr'><strong>reddidit</strong></span> <span class='ocrx_word' id='word_1_220' title='bbox 311 2778 470 2845; x_wconf 67' lang='grc' dir='ltr'><strong>ὓῦῐῑΡῑῑΙῐΰῐῐΙ·</strong></span> <span class='ocrx_word' id='word_1_221' title='bbox 634 2789 676 2851; x_wconf 87' lang='lat' dir='ltr'><strong>sit,</strong></span> <span class='ocrx_word' id='word_1_222' title='bbox 694 2787 739 2840; x_wconf 86' lang='lat' dir='ltr'><strong>aed</strong></span> <span class='ocrx_word' id='word_1_223' title='bbox 758 2787 824 2856; x_wconf 91' lang='lat' dir='ltr'><strong>quod</strong></span> <span class='ocrx_word' id='word_1_224' title='bbox 838 2790 963 2858; x_wconf 81' lang='lat' dir='ltr'><strong>placuerit</strong></span> <span class='ocrx_word' id='word_1_225' title='bbox 981 2790 1017 2844; x_wconf 94' lang='lat' dir='ltr'><strong>illi</strong></span> <span class='ocrx_word' id='word_1_226' title='bbox 1035 2794 1170 2861; x_wconf 87' lang='lat' dir='ltr'><strong>bominem,</strong></span> 
     </span>
    </p>

    <p class='ocr_par' dir='ltr' id='par_1_7' title="bbox 62 2853 1172 3968">
     <span class='ocr_line' id='line_1_26' title="bbox 133 2853 1169 2946; baseline 0.006 -20"><span class='ocrx_word' id='word_1_227' title='bbox 133 2860 158 2915; x_wconf 75' lang='grc'><strong>6·</strong></span> <span class='ocrx_word' id='word_1_228' title='bbox 180 2853 228 2927; x_wconf 74' lang='grc' dir='ltr'><strong>Ἦ]</strong></span> <span class='ocrx_word' id='word_1_229' title='bbox 256 2864 314 2916; x_wconf 59' lang='lat' dir='ltr'><strong>PU·</strong></span> <span class='ocrx_word' id='word_1_230' title='bbox 339 2864 355 2915; x_wconf 84' lang='lat'><strong>3</strong></span> <span class='ocrx_word' id='word_1_231' title='bbox 381 2867 407 2915; x_wconf 69' lang='lat' dir='ltr'><strong>‘i</strong></span> <span class='ocrx_word' id='word_1_232' title='bbox 433 2861 536 2916; x_wconf 75' lang='lat' dir='ltr'><strong>0¹⁸i·²</strong></span> <span class='ocrx_word' id='word_1_233' title='bbox 565 2861 598 2915; x_wconf 66' lang='lat' dir='ltr'><strong>tl-</strong></span> <span class='ocrx_word' id='word_1_234' title='bbox 635 2875 791 2926; x_wconf 83' lang='lat' dir='ltr'><strong>carissimum</strong></span> <span class='ocrx_word' id='word_1_235' title='bbox 810 2874 858 2926; x_wconf 87' lang='lat' dir='ltr'><strong>sibi</strong></span> <span class='ocrx_word' id='word_1_236' title='bbox 877 2876 976 2941; x_wconf 83' lang='lat' dir='ltr'><strong>animal,</strong></span> <span class='ocrx_word' id='word_1_237' title='bbox 995 2880 1169 2946; x_wconf 87' lang='lat' dir='ltr'><strong>compendium</strong></span> 
     </span>
     <span class='ocr_line' id='line_1_27' title="bbox 64 2941 1170 3030; baseline 0.015 -29"><span class='ocrx_word' id='word_1_238' title='bbox 64 2951 103 3004; x_wconf 84' lang='lat' dir='ltr'><strong>ot.</strong></span> <span class='ocrx_word' id='word_1_239' title='bbox 125 2967 147 3003; x_wconf 91' lang='lat' dir='ltr'><strong>c.</strong></span> <span class='ocrx_word' id='word_1_240' title='bbox 175 2948 217 3001; x_wconf 81' lang='lat'><strong>18.</strong></span> <span class='ocrx_word' id='word_1_241' title='bbox 245 2965 269 3003; x_wconf 88' lang='lat' dir='ltr'><strong>n.</strong></span> <span class='ocrx_word' id='word_1_242' title='bbox 297 2948 337 3004; x_wconf 80' lang='lat' dir='ltr'><strong>ili.</strong></span> <span class='ocrx_word' id='word_1_243' title='bbox 381 2949 489 3014; x_wconf 66' lang='lat' dir='ltr'><strong>Neritio</strong></span> <span class='ocrx_word' id='word_1_244' title='bbox 514 2941 549 3001; x_wconf 75' lang='grc' dir='ltr'><strong>ου’</strong></span> <span class='ocrx_word' id='word_1_245' title='bbox 574 2949 601 3000; x_wconf 75' lang='grc' dir='ltr'><strong>ῑῐὶ</strong></span> <span class='ocrx_word' id='word_1_246' title='bbox 634 2958 756 3026; x_wconf 82' lang='lat' dir='ltr'><strong>quoddam</strong></span> <span class='ocrx_word' id='word_1_247' title='bbox 790 2961 901 3013; x_wconf 83' lang='lat' dir='ltr'><strong>universi</strong></span> <span class='ocrx_word' id='word_1_248' title='bbox 934 2966 960 3013; x_wconf 89' lang='lat' dir='ltr'><strong>et</strong></span> <span class='ocrx_word' id='word_1_249' title='bbox 986 2967 1116 3030; x_wconf 88' lang='lat' dir='ltr'><strong>centrum,</strong></span> <span class='ocrx_word' id='word_1_250' title='bbox 1144 2966 1170 3018; x_wconf 91' lang='lat' dir='ltr'><strong>in</strong></span> 
     </span>
     <span class='ocr_line' id='line_1_28' title="bbox 64 3029 1170 3115; baseline 0.011 -27"><span class='ocrx_word' id='word_1_251' title='bbox 64 3037 128 3104; x_wconf 70' lang='grc' dir='ltr'><strong>Δις.</strong></span> <span class='ocrx_word' id='word_1_252' title='bbox 147 3036 248 3087; x_wconf 84' lang='lat' dir='ltr'><strong>emisse.</strong></span> <span class='ocrx_word' id='word_1_253' title='bbox 272 3036 397 3087; x_wconf 78' lang='lat' dir='ltr'><strong>Aetnen</strong></span> <span class='ocrx_word' id='word_1_254' title='bbox 416 3029 602 3102; x_wconf 72' lang='grc' dir='ltr'><strong>ὑποκείμενον</strong></span> <span class='ocrx_word' id='word_1_255' title='bbox 635 3044 701 3112; x_wconf 88' lang='lat' dir='ltr'><strong>quod</strong></span> <span class='ocrx_word' id='word_1_256' title='bbox 726 3059 813 3096; x_wconf 86' lang='lat' dir='ltr'><strong>omnes</strong></span> <span class='ocrx_word' id='word_1_257' title='bbox 848 3045 1004 3114; x_wconf 89' lang='lat' dir='ltr'><strong>reliquorum</strong></span> <span class='ocrx_word' id='word_1_258' title='bbox 1035 3061 1170 3115; x_wconf 88' lang='lat' dir='ltr'><strong>corporum</strong></span> 
     </span>
     <span class='ocr_line' id='line_1_29' title="bbox 63 3116 1172 3198; baseline 0.003 -14"><span class='ocrx_word' id='word_1_259' title='bbox 63 3120 110 3175; x_wconf 71' lang='lat' dir='ltr'><strong>”ii</strong></span> <span class='ocrx_word' id='word_1_260' title='bbox 141 3116 322 3186; x_wconf 57' lang='lat' dir='ltr'><strong>issttilt‘tit’i&#39;·</strong></span> <span class='ocrx_word' id='word_1_261' title='bbox 373 3119 544 3172; x_wconf 63' lang='grc' dir='ltr'><strong>3οὴοΗοη</strong></span> <span class='ocrx_word' id='word_1_262' title='bbox 574 3121 601 3172; x_wconf 72' lang='lat' dir='ltr'><strong>ln</strong></span> <span class='ocrx_word' id='word_1_263' title='bbox 635 3131 715 3181; x_wconf 86' lang='lat' dir='ltr'><strong>lineae</strong></span> <span class='ocrx_word' id='word_1_264' title='bbox 748 3133 861 3194; x_wconf 85' lang='lat' dir='ltr'><strong>coirent,</strong></span> <span class='ocrx_word' id='word_1_265' title='bbox 892 3131 927 3182; x_wconf 88' lang='lat' dir='ltr'><strong>itu</strong></span> <span class='ocrx_word' id='word_1_266' title='bbox 957 3130 1107 3198; x_wconf 88' lang='lat' dir='ltr'><strong>disponere,</strong></span> <span class='ocrx_word' id='word_1_267' title='bbox 1142 3140 1172 3187; x_wconf 90' lang='lat' dir='ltr'><strong>ut</strong></span> 
     </span>
     <span class='ocr_line' id='line_1_30' title="bbox 63 3203 1171 3284; baseline 0.009 -21"><span class='ocrx_word' id='word_1_268' title='bbox 63 3221 145 3273; x_wconf 69' lang='lat' dir='ltr'><strong>flers·</strong></span> <span class='ocrx_word' id='word_1_269' title='bbox 168 3205 227 3261; x_wconf 74' lang='lat' dir='ltr'><strong>Ptr-</strong></span> <span class='ocrx_word' id='word_1_270' title='bbox 247 3207 280 3258; x_wconf 78' lang='lat'><strong>12</strong></span> <span class='ocrx_word' id='word_1_271' title='bbox 304 3208 372 3266; x_wconf 70' lang='grc' dir='ltr'><em>Τοῖς</em></span> <span class='ocrx_word' id='word_1_272' title='bbox 389 3206 539 3273; x_wconf 68' lang='grc' dir='ltr'><strong>γεωργοῦσι</strong></span> <span class='ocrx_word' id='word_1_273' title='bbox 558 3203 600 3258; x_wconf 79' lang='grc' dir='ltr'><strong>τὲ·</strong></span> <span class='ocrx_word' id='word_1_274' title='bbox 636 3214 841 3284; x_wconf 86' lang='lat' dir='ltr'><strong>quemadmodum</strong></span> <span class='ocrx_word' id='word_1_275' title='bbox 860 3216 914 3267; x_wconf 83' lang='lat' dir='ltr'><strong>aris</strong></span> <span class='ocrx_word' id='word_1_276' title='bbox 936 3218 1018 3267; x_wconf 88' lang='lat' dir='ltr'><strong>rotam</strong></span> <span class='ocrx_word' id='word_1_277' title='bbox 1038 3224 1171 3283; x_wconf 85' lang='lat' dir='ltr'><strong>promeret</strong></span> 
     </span>
     <span class='ocr_line' id='line_1_31' title="bbox 62 3285 1171 3371; baseline 0.003 -17"><span class='ocrx_word' id='word_1_278' title='bbox 62 3295 111 3354; x_wconf 69' lang='lat'><strong>2⁰⁶</strong></span> <span class='ocrx_word' id='word_1_279' title='bbox 132 3285 147 3346; x_wconf 68' lang='grc' dir='ltr'>ὅ</span> <span class='ocrx_word' id='word_1_280' title='bbox 168 3285 287 3360; x_wconf 62' lang='grc' dir='ltr'><strong>ἄμητος,</strong></span> <span class='ocrx_word' id='word_1_281' title='bbox 305 3296 365 3354; x_wconf 65' lang='grc' dir='ltr'><strong>τοῖς</strong></span> <span class='ocrx_word' id='word_1_282' title='bbox 384 3288 599 3360; x_wconf 64' lang='grc' dir='ltr'><strong>ἱᾱῐοεῦῠνσινὴ</strong></span> <span class='ocrx_word' id='word_1_283' title='bbox 635 3303 671 3353; x_wconf 88' lang='lat' dir='ltr'><strong>sic</strong></span> <span class='ocrx_word' id='word_1_284' title='bbox 698 3303 769 3368; x_wconf 87' lang='lat' dir='ltr'><strong>ipse,</strong></span> <span class='ocrx_word' id='word_1_285' title='bbox 796 3301 835 3352; x_wconf 89' lang='lat' dir='ltr'><strong>cui</strong></span> <span class='ocrx_word' id='word_1_286' title='bbox 853 3301 901 3352; x_wconf 89' lang='lat' dir='ltr'><strong>soli</strong></span> <span class='ocrx_word' id='word_1_287' title='bbox 928 3301 996 3353; x_wconf 89' lang='lat' dir='ltr'><strong>inter</strong></span> <span class='ocrx_word' id='word_1_288' title='bbox 1015 3301 1059 3355; x_wconf 86' lang='lat' dir='ltr'><strong>bar</strong></span> <span class='ocrx_word' id='word_1_289' title='bbox 1078 3317 1171 3371; x_wconf 89' lang='lat' dir='ltr'><strong>corpo·</strong></span> 
     </span>
     <span class='ocr_line' id='line_1_32' title="bbox 63 3371 1170 3452; baseline 0.01 -20"><span class='ocrx_word' id='word_1_290' title='bbox 63 3371 160 3446; x_wconf 71' lang='grc' dir='ltr'><strong><em>ὁγιία,</em></strong></span> <span class='ocrx_word' id='word_1_291' title='bbox 194 3379 251 3430; x_wconf 78' lang='lat' dir='ltr'><strong>ruia</strong></span> <span class='ocrx_word' id='word_1_292' title='bbox 275 3374 304 3431; x_wconf 72' lang='lat' dir='ltr'><strong>la</strong></span> <span class='ocrx_word' id='word_1_293' title='bbox 328 3378 378 3446; x_wconf 78' lang='grc' dir='ltr'><strong>γῆς</strong></span> <span class='ocrx_word' id='word_1_294' title='bbox 410 3375 601 3449; x_wconf 64' lang='lat' dir='ltr'><strong>coepimus}</strong></span> <span class='ocrx_word' id='word_1_295' title='bbox 635 3402 692 3438; x_wconf 85' lang='lat' dir='ltr'><strong>reas</strong></span> <span class='ocrx_word' id='word_1_296' title='bbox 723 3391 825 3438; x_wconf 84' lang='lat' dir='ltr'><strong>naturas</strong></span> <span class='ocrx_word' id='word_1_297' title='bbox 859 3385 1017 3452; x_wconf 74' lang='lat' dir='ltr'><strong>intelligendi</strong></span> <span class='ocrx_word' id='word_1_298' title='bbox 1050 3402 1170 3443; x_wconf 86' lang='lat' dir='ltr'><strong>concessa</strong></span> 
     </span>
     <span class='ocr_line' id='line_1_33' title="bbox 64 3457 1171 3542; baseline 0.012 -26"><span class='ocrx_word' id='word_1_299' title='bbox 64 3457 201 3517; x_wconf 68' lang='grc' dir='ltr'><strong>ἁπάντων</strong></span> <span class='ocrx_word' id='word_1_300' title='bbox 216 3460 330 3532; x_wconf 70' lang='grc' dir='ltr'><strong>συλλογὴ</strong></span> <span class='ocrx_word' id='word_1_301' title='bbox 348 3465 405 3516; x_wconf 75' lang='grc' dir='ltr'><strong>τῶν</strong></span> <span class='ocrx_word' id='word_1_302' title='bbox 423 3460 535 3530; x_wconf 75' lang='lat' dir='ltr'><strong>ripales</strong></span> <span class='ocrx_word' id='word_1_303' title='bbox 554 3465 601 3519; x_wconf 76' lang='lat' dir='ltr'><strong>nul</strong></span> <span class='ocrx_word' id='word_1_304' title='bbox 634 3471 740 3524; x_wconf 79' lang='lat' dir='ltr'><strong>incultas</strong></span> <span class='ocrx_word' id='word_1_305' title='bbox 757 3474 805 3537; x_wconf 87' lang='lat' dir='ltr'><strong>est,</strong></span> <span class='ocrx_word' id='word_1_306' title='bbox 824 3472 924 3538; x_wconf 78' lang='lat' dir='ltr'><strong>globum</strong></span> <span class='ocrx_word' id='word_1_307' title='bbox 948 3472 1012 3525; x_wconf 83' lang='lat' dir='ltr'><strong>cccli</strong></span> <span class='ocrx_word' id='word_1_308' title='bbox 1029 3476 1171 3542; x_wconf 84' lang='lat' dir='ltr'><strong>pariterue</strong></span> 
     </span>
     <span class='ocr_line' id='line_1_34' title="bbox 63 3543 1170 3627; baseline 0.012 -25"><span class='ocrx_word' id='word_1_309' title='bbox 63 3548 97 3605; x_wconf 70' lang='lat' dir='ltr'><strong>ro*</strong></span> <span class='ocrx_word' id='word_1_310' title='bbox 125 3545 292 3604; x_wconf 65' lang='grc' dir='ltr'><strong><em>αὐανθέντα</em></strong></span> <span class='ocrx_word' id='word_1_311' title='bbox 309 3543 328 3619; x_wconf 81' lang='grc' dir='ltr'><em>ἢ</em></span> <span class='ocrx_word' id='word_1_312' title='bbox 346 3550 413 3616; x_wconf 68' lang='grc' dir='ltr'><strong>πυρὶ</strong></span> <span class='ocrx_word' id='word_1_313' title='bbox 433 3553 601 3619; x_wconf 72' lang='grc' dir='ltr'><strong><em>παραδοθῇ·</em></strong></span> <span class='ocrx_word' id='word_1_314' title='bbox 635 3560 720 3609; x_wconf 84' lang='lat' dir='ltr'><strong>terrae</strong></span> <span class='ocrx_word' id='word_1_315' title='bbox 753 3573 839 3609; x_wconf 86' lang='lat' dir='ltr'><strong>secum</strong></span> <span class='ocrx_word' id='word_1_316' title='bbox 865 3556 978 3609; x_wconf 82' lang='lat' dir='ltr'><strong>rolreret</strong></span> <span class='ocrx_word' id='word_1_317' title='bbox 1005 3559 1031 3611; x_wconf 92' lang='lat' dir='ltr'><strong>in</strong></span> <span class='ocrx_word' id='word_1_318' title='bbox 1065 3561 1170 3627; x_wconf 72' lang='lat' dir='ltr'><strong>gloriam</strong></span> 
     </span>
     <span class='ocr_line' id='line_1_35' title="bbox 62 3630 1170 3712; baseline 0.011 -24"><span class='ocrx_word' id='word_1_319' title='bbox 62 3654 113 3689; x_wconf 78' lang='lat' dir='ltr'><strong>rur</strong></span> <span class='ocrx_word' id='word_1_320' title='bbox 132 3630 151 3705; x_wconf 81' lang='grc' dir='ltr'><strong><em>ἦ</em></strong></span> <span class='ocrx_word' id='word_1_321' title='bbox 170 3655 228 3689; x_wconf 78' lang='lat' dir='ltr'><strong>erm</strong></span> <span class='ocrx_word' id='word_1_322' title='bbox 253 3638 331 3708; x_wconf 74' lang='grc' dir='ltr'><strong><em>ιριίᾳ</em></strong></span> <span class='ocrx_word' id='word_1_323' title='bbox 350 3638 389 3698; x_wconf 78' lang='lat' dir='ltr'><strong>elr</strong></span> <span class='ocrx_word' id='word_1_324' title='bbox 407 3634 541 3691; x_wconf 77' lang='grc' dir='ltr'><strong><em>σύστασιν</em></strong></span> <span class='ocrx_word' id='word_1_325' title='bbox 559 3638 600 3692; x_wconf 87' lang='lat' dir='ltr'><strong>cl·</strong></span> <span class='ocrx_word' id='word_1_326' title='bbox 635 3644 724 3694; x_wconf 89' lang='lat' dir='ltr'><strong>summi</strong></span> <span class='ocrx_word' id='word_1_327' title='bbox 736 3641 847 3695; x_wconf 86' lang='lat' dir='ltr'><strong>artificis.</strong></span> <span class='ocrx_word' id='word_1_328' title='bbox 869 3643 1006 3710; x_wconf 84' lang='lat' dir='ltr'><strong>Sapienter</strong></span> <span class='ocrx_word' id='word_1_329' title='bbox 1017 3660 1078 3712; x_wconf 77' lang='lat' dir='ltr'><strong>ergo</strong></span> <span class='ocrx_word' id='word_1_330' title='bbox 1087 3648 1170 3700; x_wconf 77' lang='lat' dir='ltr'><strong>Albe-</strong></span> 
     </span>
     <span class='ocr_line' id='line_1_36' title="bbox 63 3714 1171 3796; baseline 0.012 -23"><span class='ocrx_word' id='word_1_331' title='bbox 63 3722 128 3783; x_wconf 77' lang='grc' dir='ltr'><strong><em>αἱας</em></strong></span> <span class='ocrx_word' id='word_1_332' title='bbox 154 3714 173 3790; x_wconf 83' lang='grc' dir='ltr'><em>ἢ</em></span> <span class='ocrx_word' id='word_1_333' title='bbox 195 3717 263 3782; x_wconf 69' lang='grc' dir='ltr'><strong>νεός</strong></span> <span class='ocrx_word' id='word_1_334' title='bbox 286 3726 522 3793; x_wconf 73' lang='grc' dir='ltr'><strong><em>παραληφθῆναι.</em></strong></span> <span class='ocrx_word' id='word_1_335' title='bbox 548 3727 600 3779; x_wconf 86' lang='lat' dir='ltr'><strong>lie-</strong></span> <span class='ocrx_word' id='word_1_336' title='bbox 636 3742 758 3794; x_wconf 75' lang='lat' dir='ltr'><strong>nagcras,</strong></span> <span class='ocrx_word' id='word_1_337' title='bbox 783 3729 974 3796; x_wconf 84' lang='lat' dir='ltr'><strong>pulcherrimam</strong></span> <span class='ocrx_word' id='word_1_338' title='bbox 998 3729 1086 3782; x_wconf 87' lang='lat' dir='ltr'><strong>linium</strong></span> <span class='ocrx_word' id='word_1_339' title='bbox 1109 3748 1171 3786; x_wconf 87' lang='lat' dir='ltr'><strong>con-</strong></span> 
     </span>
     <span class='ocr_line' id='line_1_37' title="bbox 64 3807 1170 3883; baseline 0.01 -23"><span class='ocrx_word' id='word_1_340' title='bbox 64 3807 252 3875; x_wconf 72' lang='lat' dir='ltr'><strong>cbenbergius:</strong></span> <span class='ocrx_word' id='word_1_341' title='bbox 287 3808 358 3874; x_wconf 84' lang='lat' dir='ltr'><strong>„lies</strong></span> <span class='ocrx_word' id='word_1_342' title='bbox 392 3824 479 3863; x_wconf 84' lang='lat' dir='ltr'><strong>omnes</strong></span> <span class='ocrx_word' id='word_1_343' title='bbox 510 3827 522 3863; x_wconf 90' lang='lat' dir='ltr'><strong>a</strong></span> <span class='ocrx_word' id='word_1_344' title='bbox 554 3812 600 3864; x_wconf 85' lang='lat' dir='ltr'><strong>deo</strong></span> <span class='ocrx_word' id='word_1_345' title='bbox 635 3815 791 3867; x_wconf 87' lang='lat' dir='ltr'><strong>secutionem</strong></span> <span class='ocrx_word' id='word_1_346' title='bbox 818 3815 976 3883; x_wconf 85' lang='lat' dir='ltr'><strong>speculatus,</strong></span> <span class='ocrx_word' id='word_1_347' title='bbox 1004 3817 1034 3868; x_wconf 89' lang='lat' dir='ltr'><strong>ad</strong></span> <span class='ocrx_word' id='word_1_348' title='bbox 1056 3819 1170 3871; x_wconf 88' lang='lat' dir='ltr'><strong>ultimum</strong></span> 
     </span>
     <span class='ocr_line' id='line_1_38' title="bbox 63 3895 1171 3968; baseline 0.009 -22"><span class='ocrx_word' id='word_1_349' title='bbox 63 3899 165 3947; x_wconf 84' lang='lat' dir='ltr'><strong>creatae</strong></span> <span class='ocrx_word' id='word_1_350' title='bbox 190 3895 378 3961; x_wconf 69' lang='lat' dir='ltr'><strong>elegantissimo</strong></span> <span class='ocrx_word' id='word_1_351' title='bbox 406 3911 472 3950; x_wconf 83' lang='lat' dir='ltr'><strong>nexu</strong></span> <span class='ocrx_word' id='word_1_352' title='bbox 491 3901 523 3950; x_wconf 81' lang='lat' dir='ltr'><strong>ita</strong></span> <span class='ocrx_word' id='word_1_353' title='bbox 542 3902 603 3951; x_wconf 86' lang='lat' dir='ltr'><strong>sunt</strong></span> <span class='ocrx_word' id='word_1_354' title='bbox 635 3900 743 3952; x_wconf 92' lang='lat' dir='ltr'><strong>bominis</strong></span> <span class='ocrx_word' id='word_1_355' title='bbox 755 3899 831 3952; x_wconf 85' lang='lat' dir='ltr'><strong>linem</strong></span> <span class='ocrx_word' id='word_1_356' title='bbox 847 3903 1048 3968; x_wconf 70' lang='lat' dir='ltr'><strong>cognoscendum</strong></span> <span class='ocrx_word' id='word_1_357' title='bbox 1064 3918 1110 3955; x_wconf 91' lang='lat' dir='ltr'><strong>nos</strong></span> <span class='ocrx_word' id='word_1_358' title='bbox 1125 3905 1171 3957; x_wconf 85' lang='lat' dir='ltr'><strong>de-</strong></span> 
     </span>
    </p>
   </div>
   <div class='ocr_carea' id='block_1_6' title="bbox 64 3980 1268 4052">
    <p class='ocr_par' dir='ltr' id='par_1_8' title="bbox 64 3980 1268 4052">
     <span class='ocr_line' id='line_1_39' title="bbox 64 3980 1268 4052; baseline 0.009 -21"><span class='ocrx_word' id='word_1_359' title='bbox 64 3980 132 4032; x_wconf 88' lang='lat' dir='ltr'><strong>inter</strong></span> <span class='ocrx_word' id='word_1_360' title='bbox 150 3981 364 4048; x_wconf 82' lang='lat' dir='ltr'><strong>reccmplicatae,</strong></span> <span class='ocrx_word' id='word_1_361' title='bbox 383 3985 410 4034; x_wconf 90' lang='lat' dir='ltr'><strong>ut</strong></span> <span class='ocrx_word' id='word_1_362' title='bbox 428 3983 600 4052; x_wconf 86' lang='lat' dir='ltr'><strong>contemplun-</strong></span> <span class='ocrx_word' id='word_1_363' title='bbox 635 3986 717 4050; x_wconf 86' lang='lat' dir='ltr'><strong>ducit,</strong></span> <span class='ocrx_word' id='word_1_364' title='bbox 740 4000 768 4039; x_wconf 85' lang='lat' dir='ltr'><strong>ac</strong></span> <span class='ocrx_word' id='word_1_365' title='bbox 798 3985 857 4038; x_wconf 87' lang='lat' dir='ltr'><strong>inde</strong></span> <span class='ocrx_word' id='word_1_366' title='bbox 880 3989 990 4040; x_wconf 84' lang='lat' dir='ltr'><strong>loturam</strong></span> <span class='ocrx_word' id='word_1_367' title='bbox 1016 3990 1069 4041; x_wconf 86' lang='lat' dir='ltr'><strong>eius</strong></span> <span class='ocrx_word' id='word_1_368' title='bbox 1096 3990 1171 4041; x_wconf 86' lang='lat' dir='ltr'><strong>vitam</strong></span> <span class='ocrx_word' id='word_1_369' title='bbox 1264 4023 1268 4033; x_wconf 55' lang='grc' dir='ltr'>ι</span> 
     </span>
    </p>
   </div>
   <div class='ocr_carea' id='block_1_7' title="bbox 64 4066 1169 4221">
    <p class='ocr_par' dir='ltr' id='par_1_9' title="bbox 64 4066 1169 4221">
     <span class='ocr_line' id='line_1_40' title="bbox 64 4066 1169 4137; baseline 0.006 -19"><span class='ocrx_word' id='word_1_370' title='bbox 64 4066 131 4118; x_wconf 89' lang='lat' dir='ltr'><strong>tibus</strong></span> <span class='ocrx_word' id='word_1_371' title='bbox 149 4068 223 4120; x_wconf 83' lang='lat' dir='ltr'><strong>nobis</strong></span> <span class='ocrx_word' id='word_1_372' title='bbox 238 4081 323 4120; x_wconf 87' lang='lat' dir='ltr'><strong>earum</strong></span> <span class='ocrx_word' id='word_1_373' title='bbox 340 4066 416 4121; x_wconf 81' lang='lat' dir='ltr'><strong>finem</strong></span> <span class='ocrx_word' id='word_1_374' title='bbox 430 4069 520 4122; x_wconf 77' lang='lat' dir='ltr'><strong>scalam</strong></span> <span class='ocrx_word' id='word_1_375' title='bbox 539 4085 600 4137; x_wconf 87' lang='lat' dir='ltr'><strong>qus·</strong></span> <span class='ocrx_word' id='word_1_376' title='bbox 635 4073 766 4126; x_wconf 86' lang='lat' dir='ltr'><strong>meliorem</strong></span> <span class='ocrx_word' id='word_1_377' title='bbox 809 4075 1022 4127; x_wconf 85' lang='lat' dir='ltr'><strong>resurrectionem</strong></span> <span class='ocrx_word' id='word_1_378' title='bbox 1064 4074 1169 4127; x_wconf 88' lang='lat' dir='ltr'><strong>demon·</strong></span> 
     </span>
     <span class='ocr_line' id='line_1_41' title="bbox 65 4150 1015 4221; baseline 0.007 -18"><span class='ocrx_word' id='word_1_379' title='bbox 65 4153 101 4216; x_wconf 80' lang='lat' dir='ltr'><strong>si,</strong></span> <span class='ocrx_word' id='word_1_380' title='bbox 119 4166 168 4220; x_wconf 86' lang='lat' dir='ltr'><strong>qua</strong></span> <span class='ocrx_word' id='word_1_381' title='bbox 186 4153 211 4204; x_wconf 93' lang='lat' dir='ltr'><strong>in</strong></span> <span class='ocrx_word' id='word_1_382' title='bbox 230 4150 304 4204; x_wconf 84' lang='lat' dir='ltr'><strong>deum</strong></span> <span class='ocrx_word' id='word_1_383' title='bbox 324 4152 504 4221; x_wconf 82' lang='lat' dir='ltr'><strong>ascendamus,</strong></span> <span class='ocrx_word' id='word_1_384' title='bbox 530 4154 599 4207; x_wconf 87' lang='lat' dir='ltr'><strong>ordi·</strong></span> <span class='ocrx_word' id='word_1_385' title='bbox 635 4160 727 4211; x_wconf 86' lang='lat' dir='ltr'><strong>strat.“</strong></span> <span class='ocrx_word' id='word_1_386' title='bbox 763 4159 801 4213; x_wconf 81' lang='lat' dir='ltr'><strong>ci.</strong></span> <span class='ocrx_word' id='word_1_387' title='bbox 821 4174 843 4211; x_wconf 87' lang='lat' dir='ltr'><strong>c.</strong></span> <span class='ocrx_word' id='word_1_388' title='bbox 862 4157 903 4211; x_wconf 76' lang='lat'><strong>25.</strong></span> <span class='ocrx_word' id='word_1_389' title='bbox 928 4174 952 4209; x_wconf 91' lang='lat' dir='ltr'><strong>n.</strong></span> <span class='ocrx_word' id='word_1_390' title='bbox 973 4160 1015 4212; x_wconf 88' lang='lat'><strong>11.</strong></span> 
     </span>
    </p>
   </div>
   <div class='ocr_carea' id='block_1_8' title="bbox 0 0 1364 4666">
    <p class='ocr_par' dir='ltr' id='par_1_10' title="bbox 0 0 1364 4666">
     <span class='ocr_line' id='line_1_42' title="bbox 0 0 1364 4666; baseline 0 0"><span class='ocrx_word' id='word_1_391' title='bbox 0 0 1364 4666; x_wconf 95' lang='lat' dir='ltr'><strong> </strong></span> 
     </span>
    </p>
   </div>
  </div>
 </body>
</html>
