2708 4666
441 189 826 265 reomaenses.
1093 226 1206 277 xm„

82 353 292 439 παραφόρων
320 354 488 440 δαιμόνων
523 358 613 427 ἐστίν
650 358 988 449 ἀντισοφιστεόματα,
1017 368 1059 431 τοὶ
1090 366 1129 433 δὲ
1148 371 1205 455 τῆς

81 462 242 550 ἡμετέρας
265 465 420 544 παιδείας
441 467 532 535 ἐστὶν
554 467 706 555 ἀνωτέρω
728 472 786 557 τῆς
807 476 960 560 κοσμικῆς
981 475 1203 562 καταλήψεως.

76 572 146 641 Osis
174 575 265 640 ἔστιν
298 573 489 662 ἀθάνατος,
521 580 553 644 ἀ.
584 580 640 662 ⁶13„
653 578 688 667 'q‘
716 581 806 669 ψυχῆ
834 579 914 647 καθ’
937 580 1067 670 ἑαυτήν,
1093 586 1201 675 Supte*

80 692 129 757 δέ.
158 690 217 775 Ι(3.
245 690 294 759 25
321 715 392 780 sq.:
444 695 567 779 Κρόνος
589 696 664 773 τους
684 695 774 773 sicsic
795 694 974 783 ἀναλίσκει,
1002 708 1058 765 καὶ
1081 697 1099 764 δ
1121 702 1203 780 Ζεδς

77 808 141 895 τήν
154 811 266 897 Μῆτιν
280 816 460 877 καταπίνει,
485 811 668 879 Παύσασθε
681 814 795 895 λόγους
813 812 1003 899 ἀλλοτρίους
1014 817 1201 903 θριαμβεύ-

77 942 174 995 οντες
193 926 250 985 καί
272 920 381 1007 ὥσπερ
402 919 558 999 ἀκολοιδς
579 921 637 989 οὐκ
660 923 756 999 ἰδίοις
769 922 1040 1007 δπικοσμοόμενοι
1060 940 1200 1012 πτεροῖς.

78 1033 221 1103 Eadem
246 1034 489 1105 inscribendo
515 1039 729 1131 negligentia
756 1037 884 1108 factum
914 1050 966 1109 est
1000 1051 1038 1110 ut
1070 1044 1200 1112 multae

78 1160 270 1229 sententiae
308 1160 469 1231 laborent
496 1163 703 1233 obscuritate
728 1187 896 1256 sensuque
926 1167 1114 1236 admodum
1142 1168 1197 1236 iu-

78 1286 201 1355 roluto
232 1286 427 1355 excrucient
455 1288 679 1380 interpretem
705 1313 783 1358 nam
816 1292 882 1358 alia
907 1294 1029 1361 cursim
1056 1302 1091 1361 et
1114 1293 1196 1361 bre·

78 1412 167 1481 viter
193 1410 332 1503 attingit
364 1412 509 1505 ipsoque
526 1413 704 1481 brevitatis
719 1415 833 1483 studio
860 1417 900 1484 fit
918 1418 1092 1498 obscurus,
1113 1418 1197 1485 alias

78 1538 126 1606 de
151 1538 236 1607 lidei
261 1537 433 1629 dogmatis
464 1537 713 1629 disputationes
742 1563 819 1610 raro
848 1541 1029 1610 illustravit
1054 1540 1196 1625 lumine,

79 1688 145 1733 nec
169 1666 248 1734 satis
271 1664 438 1756 explicuit
463 1687 550 1753 qnae
574 1688 637 1756 per
662 1689 698 1733 se
722 1666 877 1735 difficilia
902 1675 981 1735 sunt
1006 1665 1194 1734 intellectu
1309 1730 1317 1737 .

78 1791 253 1874 Quocirca
276 1812 346 1859 nou
371 1791 444 1859 sine
468 1790 555 1859 iusta
585 1814 686 1861 causa
718 1793 857 1860 alterius
894 1792 1060 1862 Heracliti
1092 1792 1197 1860 instar

78 1916 292 1984 obscuritatis
332 1916 457 1983 lamam
494 1915 589 2006 apud
630 1918 723 1986 viros
758 1918 880 1987 doctos
918 1919 982 1987 sibi
1014 1916 1194 1986 contraxit.

77 2042 327 2126 Nihilominus,
358 2063 565 2130 quamquam
596 2039 734 2109 Tatiaui
770 2041 970 2110 Orationem
1008 2065 1080 2110 non
1119 2043 1194 2110 ele-

77 2168 275 2261 gantissime
298 2166 460 2259 scriptam
487 2190 560 2235 esse
583 2167 744 2238 lubenter
772 2168 1051 2250 concesserimus,
1074 2165 1104 2233 si
1125 2188 1195 2235 uon

77 2294 227 2385 plurima
258 2302 294 2360 at
327 2294 464 2384 singula
499 2302 594 2362 certe
628 2293 756 2379 nitent,
798 2317 863 2363 nec
892 2294 1020 2362 desunt
1040 2291 1110 2359 loci
1136 2292 1195 2381 qui

77 2441 155 2487 eum
183 2418 221 2486 in
254 2417 433 2486 rhetorum
476 2420 680 2489 umbraculis
717 2429 887 2489 versatum
930 2442 1003 2487 esse
1033 2415 1193 2510 prodant

78 2544 117 2615 C.
149 2545 215 2616 112
249 2542 441 2613 Βασιλείαν
467 2541 506 2613 ου’
534 2546 637 2628 θέλω,
674 2546 827 2613 πλουτεῖν
857 2543 897 2613 ου’
924 2544 1087 2629 βούλομαι
1108 2550 1193 2612 etc..

78 2668 116 2740 C.
144 2668 213 2739 19:
256 2674 299 2737 Τί
318 2669 379 2753 γάρ
400 2669 470 2734 ἐστι
493 2664 634 2753 μαντική
661 2676 747 2736 etc..
782 2667 823 2739 G.
842 2668 891 2737 22
914 2667 974 2736 ubi
996 2667 1033 2734 iu
1054 2664 1194 2737 histric-

79 2817 157 2864 uem
180 2792 366 2883 quemdam
390 2790 562 2859 cavillatio
590 2800 659 2861 est:
711 2790 814 2861 Είδόυ
828 2818 904 2859 τινα
928 2791 1085 2868 πολλάκις
1110 2802 1192 2862 etc..

79 2920 118 2990 C.
147 2920 196 2989 23
230 2918 291 2991 ubi
320 2916 459 3009 pugiles
484 2925 520 2987 et
551 2916 759 3008 gladiatores
786 2916 1047 2986 describuntur:
1091 2912 1196 2989 Εἶδον

78 3042 276 3130 ἀνθριόπους
299 3040 364 3109 stne*
385 3044 442 3128 τῆς
462 3046 650 3125 σωμασκίας
675 3046 912 3129 βεβαρημένους
932 3048 1017 3108 etc..
1059 3038 1196 3131 Lepide

77 3174 110 3233 et
129 3164 242 3235 facete
265 3164 457 3233 Gentilium
478 3186 613 3233 errores
646 3163 800 3255 castigat
839 3163 880 3232 C.
911 3162 979 3230 10:
1023 3154 1197 3247 Καλδςῆν

76 3286 238 3373 όκόκνος,
264 3280 314 3355 δτι
334 3289 447 3374 μοιχός
468 3283 508 3372 ἦν
529 3282 613 3358 cic..
644 3287 684 3356 C.
702 3287 769 3354 21:
794 3286 859 3353 Διά
875 3289 910 3352 τί
923 3280 1038 3370 γάροδ
1051 3279 1120 3347 aries
1134 3282 1197 3347 νῦν

77 3404 216 3497 illm
253 3410 398 3497 Πότερον
420 3410 589 3498 roricum
615 3440 676 3498 -3
734 3409 784 3477 At
808 3409 916 3477 multa
943 3413 1124 3500 praeterea
1153 3422 1197 3471 ex

76 3530 308 3622 sophistarum
349 3555 447 3601 more
481 3552 572 3601 nore
608 3542 644 3601 et
686 3535 781 3603 velut
821 3534 997 3626 paradoxa
1037 3528 1196 3621 protulit,

76 3666 252 3747 tamquam
283 3655 418 3749 pristini
441 3659 619 3751 sermonis,
644 3683 748 3751 quern
772 3682 914 3752 prorsus
931 3656 1109 3751 erpellere
1125 3674 1198 3721 uon

77 3781 202 3871 potuit,
224 3780 397 3871 reliquias·
450 3780 492 3851 C.
519 3782 565 3851 δὲ
599 3785 721 3872 Διόπερ
740 3787 785 3873 μή
809 3788 1091 3871 παρασυρίτωσαν
1110 3774 1197 3861 sill&

76 3896 112 3963 αί
139 3899 208 3965 τοῖν
241 3898 483 3988 φιλοσόφων
516 3906 588 3965 καί
620 3896 670 3965 οδ
706 3892 953 3981 φιλοσόφων
993 3882 1197 3971 πανηγύρεις·

77 4010 116 4083 0.
141 4012 185 4083 δι
209 4014 274 4083 κᾶν
295 4015 332 4081 δν
350 4026 526 4100 ποταμοτς,
549 4012 614 4080 κᾶν
637 4011 674 4077 δν
694 4008 878 4083 θαλάτταις
899 3998 1198 4084 recensendi

77 4136 210 4205 0192
257 4140 399 4225 Κρίσης
427 4132 500 4221 οὖν,
529 4132 550 4201 δ
576 4127 860 4203 ίννεοτοόσας
889 4116 1196 4283 τῇομεγδλρπῦλει.
