2708 4666
453 184 603 248 omitt
625 186 683 247 Al)
706 184 901 248 GRAECOS.
1170 183 1233 251 13⁷

118 356 183 417 arti
199 353 328 434 inhiens,
349 357 384 416 et
403 355 435 416 in
460 354 623 417 Calliadae
644 354 769 416 Neaera
790 359 900 419 oculos
927 358 1082 440 defigant
1125 358 1232 420 diere·

117 465 184 526 trix
204 466 288 527 enirn
311 466 391 526 erat
439 463 515 527 Lais
538 468 678 526 scortata
705 471 772 544 est,
810 471 843 527 et
867 468 989 527 Turnus
1013 485 1081 528 eam
1105 471 1231 531 scorta-

117 574 214 635 tionis
242 576 473 636 monumentum
494 577 615 636 statuit.
668 574 730 635 Cur
756 592 817 634 non
842 577 935 636 vobis
959 579 1073 655 pudori
1094 581 1144 639 ast
1166 579 1231 640 ile·

117 683 317 762 placationis
351 685 520 762 scortatio,
572 685 633 746 etsi
662 701 731 746 eum
771 685 865 746 Philo
905 687 1025 748 affabre
1053 689 1232 765 exprimat?

117 791 222 864 Quare
240 797 375 873 propter
395 794 604 873 Ganymedem
627 794 800 855 Leocharis
826 798 1008 875 cynaedum,
1032 800 1121 881 velut
1135 814 1233 876 prae·

119 903 240 965 clarum
259 905 418 982 quippiam
443 904 655 983 possidentes,
677 904 798 964 honore
821 905 975 967 aiiioitist
1015 905 1058 968 Et
1079 907 1232 969 contand·

119 1016 222 1074 ιιελοιι
242 1014 407 1088 στασιάσαι
427 1015 641 1075 mulierculam
655 1014 835 1074 Praxiteles
852 1015 984 1077 effinxit.
1022 1017 1120 1094 Atqui
1133 1033 1232 1095 opor·

121 1122 207 1183 tabat
238 1139 298 1183 vos
327 1122 468 1183 omnibus
505 1124 657 1184 eiusmodi
696 1124 792 1183 rebus
831 1127 1005 1186 amandatis
1040 1143 1121 1202 quae
1154 1143 1232 1186 vere

121 1231 288 1310 praeclara
325 1235 398 1292 sunt
428 1250 591 1311 quaerere,
632 1250 691 1294 nec
720 1233 914 1294 Philaenidis
946 1237 979 1294 et
1009 1235 1231 1314 Elephantidis

122 1341 257 1402 nefanda
269 1341 413 1443 juventa
447 1344 662 1403 adsciscentes
700 1344 842 1402 nostrum
877 1344 1005 1403 vivendi
1042 1363 1141 1424 genus
1171 1347 1231 1406 de·

125 1452 237 1513 testari
267 1464 273 1481 ¹

154 1626 159 1633 ,
201 1490 371 1649 aditam
404 1563 547 1638 equidem
576 1580 638 1623 non
669 1564 710 1623 ab
738 1564 801 1624 alio
829 1566 960 1641 accepta
984 1562 1138 1640 exposui,
1177 1564 1231 1637 qui

126 1652 243 1759 udlay‘
252 1672 348 1732 invisi
367 1673 532 1750 regiones,
555 1676 588 1732 et
608 1674 722 1752 partim
746 1673 913 1752 protessus
937 1690 1004 1733 sum
1030 1675 1140 1732 vestra
1161 1673 1231 1734 stu·

128 1782 172 1843 din
190 1782 371 1860 rhetorica,
405 1783 520 1861 partim
554 1783 586 1842 in
608 1785 695 1843 artes
722 1791 756 1842 et
785 1784 913 1842 inventa
937 1783 1036 1844 multa
1065 1782 1168 1860 incidi,
1198 1784 1232 1842 et

129 2124 227 2177 ιιλιλσοι
248 2138 314 2194 pree
338 2125 446 2178 caeteris
469 2125 585 2178 solebant
610 2137 656 2192 ap·
691 2139 717 2175 n.
736 2123 753 2177 o
771 2129 797 2176 et
814 2123 892 2189 Pauly
911 2124 929 2174 l.
946 2138 969 2177 τ.
989 2138 1015 2191 p.
1034 2120 1077 2177 79.
1095 2148 1129 2159 -
1169 2120 1230 2172 Soi-

129 2218 218 2274 perere.
263 2210 304 2263 cl
321 2210 400 2276 Pauly
428 2210 656 2278 lieet-Eaeycto·
691 2207 736 2259 das
770 2224 791 2260 s.
824 2224 848 2259 r.
877 2202 1081 2260 Ἀστνύνασσαε
1099 2244 1105 2257 .
1120 2243 1126 2256 .
1144 2243 1150 2255 .
1168 2199 1231 2273 ἥτις

127 2294 211 2356 Μὶν
240 2296 266 2348 ιλ.
303 2297 382 2347 close.
417 2297 656 2349 Attertlrumseoias.
692 2292 876 2362 (Astyanassa)
895 2291 993 2360 πρώτη
1012 2287 1230 2362 τᾶςέντῇσον-

130 2374 189 2431 rou.
206 2378 254 2432 lll.
274 2395 301 2448 p.
317 2377 419 2433 489.-
453 2381 576 2433 worthus
594 2381 656 2432 mai·
692 2380 775 2448 σνσλᾳ
793 2380 965 2441 κατακλίσεις
987 2370 1068 2446 edors
1085 2378 1132 2432 καλ
1148 2375 1230 2444 lypu-

128 2459 401 2534 λολε...τειιμὴιιατε·
419 2465 465 2521 κοιλ
485 2459 501 2520 ὃ
519 2462 655 2533 esteroi·
693 2475 728 2532 φο
754 2462 819 2533 περὶ
852 2461 1000 2532 σχημάτων
1029 2478 1229 2519 σννονσιαστι-

128 2546 203 2612 stee'e
219 2548 383 2621 (termitlis
404 2552 546 2623 ornatum)
562 2572 589 2607 τι
605 2550 656 2621 γύ-
690 2550 757 2617 ecda,
776 2543 810 2618 ἣν
827 2542 946 2617 ύστερσν
965 2547 1107 2619 ἐζήλωσαν
1132 2551 1230 2603 Φιλαι-

128 2629 242 2705 νιισν,ὃ
267 2637 439 2706 Πραξιτέλης
466 2635 655 2707 ἐδημιούργη-
690 2635 733 2698 νλς
751 2634 799 2689 καλ
816 2632 1003 2706 Ἐλεφαντίνῃ
1031 2636 1077 2704 (;
1094 2629 1230 2703 ’liteque-

128 2732 177 2786 λιες
192 2752 228 2764 —
253 2737 318 2791 quac
336 2724 478 2778 emendatio
496 2725 590 2779 calculo
604 2726 656 2778 cri-
690 2721 763 2790 τλς),
788 2720 817 2775 αλ
843 2721 878 2775 ταὶ
904 2723 1026 2777 τοιαῦτα
1049 2716 1232 2791 ἐξορχησάμε-

127 2806 166 2860 iio
188 2807 294 2877 indigna
319 2813 368 2862 est.
416 2809 501 2876 Quridi
538 2812 572 2863 Ut
596 2812 656 2864 elias
691 2826 739 2863 ναι
757 2803 944 2876 ύσελγὴματα.

127 2906 177 2959 qaas
193 2895 221 2947 in
238 2894 323 2947 animo
342 2895 421 2947 labeo
440 2898 598 2948 coniecturas
617 2901 656 2948 ta-
761 2896 786 2948 1.
814 2895 901 2948 τούτο
919 2890 970 2962 μὲν
988 2887 1176 2961 σοφιστεύσας
1193 2888 1230 2946 τοὶ
1264 2924 1274 2950 ι

126 2992 192 3048 mm,
216 2985 280 3033 sunt
305 2981 415 3033 tortasse
439 2982 531 3049 quibus
547 2996 655 3051 persua·
690 2975 822 3049 ύμέτερα]
849 2981 879 3034 c.
904 2981 935 3032 1:
966 2975 1172 3046 οἷπετοεοὶμεθα
1195 2980 1230 3049 τῇ

126 3059 175 3117 tete
207 3079 312 3135 possem
351 3067 482 3118 laliacum
521 3066 655 3136 scripsisse
691 3061 756 3131 παρ’
775 3059 842 3133 ύμῖν
860 3065 958 3136 σοφίᾳ,
977 3056 1167 3119 adnularim
1186 3077 1231 3117 σι-

125 3140 289 3219 haereseos
312 3165 359 3204 seu
385 3147 568 3220 φιλούμενον,
599 3168 654 3205 mu·
689 3149 761 3220 μνός
784 3170 826 3213 τις
848 3141 885 3218 ἦν
909 3149 938 3205 ἐν
960 3142 1044 3219 αύτῇ.
1088 3149 1231 3216 Utrumque

124 3224 211 3289 iissem
225 3237 357 3289 τειιύσλσνι
380 3252 427 3289 seu
448 3240 559 3291 nudam.
602 3238 654 3290 Le·
689 3238 771 3290 locum
784 3237 855 3302 (coll.
873 3252 896 3287 o.
908 3234 956 3288 42=
975 3231 1140 3294 παιδευθεὶς
1153 3232 1230 3297 πρῶ-

124 3321 296 3391 quiquidem
322 3321 388 3391 epud
413 3323 523 3376 Plinium
541 3324 653 3376 xxxiv.
690 3340 740 3375 τον
759 3318 794 3374 τύ
812 3314 948 3389 iuterna)
966 3320 1084 3390 respexit
1101 3318 1231 3372 Eusebius

124 3405 362 3462 eBPeitumeneo
377 3422 425 3476 pro
444 3408 627 3475 Spitamenen.
688 3408 757 3461 llist.
782 3407 843 3458 ecel.
869 3405 912 3458 iv,
939 3421 961 3458 e.
986 3403 1020 3458 16
1043 3404 1144 3458 dicens:
1170 3406 1230 3459 Τα-

181 3492 225 3547 lo.
250 3486 285 3547 ed
310 3493 455 3561 τοιοῦτον]
487 3492 567 3547 Cedd.
594 3493 654 3548 editi
691 3490 790 3555 τιανὸς
821 3485 895 3560 ciseio
924 3489 976 3544 τύν
1000 3492 1114 3559 πρῶτον
1138 3484 1230 3546 αύτοῦ

124 3574 209 3631 tltunt
224 3572 311 3638 εἱσας.
347 3578 378 3631 ln
395 3578 450 3632 sola
468 3577 579 3632 editione
598 3581 655 3633 lila-
689 3579 755 3650 βίον
780 3573 968 3646 σοφιστεύσας
991 3573 1021 3631 ἐν
1049 3580 1110 3640 τοῖς
1130 3569 1231 3648 Ἐλλή-

124 3664 169 3716 mi
201 3664 325 3717 omissum
358 3668 416 3730 est,
474 3679 552 3733 quum
590 3667 657 3719 absit
690 3683 748 3719 νων
764 3661 918 3732 μαθήμασι
936 3661 984 3717 καλ
1006 3658 1095 3729 δόξαν
1115 3656 1150 3716 ού
1168 3678 1230 3731 σμι-

126 3745 140 3797 a'
155 3749 214 3805 Par.
240 3748 270 3802 1:
306 3748 333 3801 in
358 3763 408 3818 quo
435 3749 483 3803 alia
509 3765 598 3803 manus
624 3749 655 3804 ad
691 3746 764 3816 ιρύν
800 3746 831 3804 ἐν
861 3744 960 3812 αὐτοῖς
1002 3744 1230 3817 ἀπενηνεγμένας.

125 3843 196 3901 serg.
214 3834 341 3904 apposuit.
690 3835 754 3888 illud
774 3832 962 3904 σοφιστεύειν,
981 3837 1086 3888 Tatiano
1106 3839 1133 3886 et
1145 3834 1231 3887 Euse-

182 3917 223 3972 16.
268 3915 652 3989 Φιλαινίδος...Έλεφαντλ-
690 3922 731 3975 bio
750 3924 878 3989 usitatum,
897 3922 961 3975 duee
979 3921 1080 3979 Valesio
1104 3918 1150 3985 (ad
1166 3918 1229 3972 Eos.

126 3998 177 4071 θοι]
208 4006 321 4075 Utraque
352 4004 384 4057 de
410 4006 488 4059 rebus
521 4006 653 4078 impudicis
688 4007 705 4058 i.
726 4008 760 4074 c.)
784 4007 938 4073 longuerue
970 4006 1095 4068 (Dissert.
1120 4003 1151 4057 de
1180 4005 1231 4056 Ta·

127 4087 224 4157 scripsit
242 4091 282 4148 ci.
302 4091 394 4144 lustin.
412 4089 489 4159 Apol.
509 4092 543 4145 11.
569 4109 590 4145 c.
609 4092 651 4146 15.
687 4093 756 4146 tiano
776 4107 801 4161 p.
819 4093 840 4144 V
859 4093 923 4162 sq),
941 4091 1046 4146 ceillier
1063 4090 1144 4159 (llist.
1169 4087 1228 4154 qen.
