2708 4666
337 147 393 243 RE
413 147 748 212 RESURRECTIONE
769 148 1026 214 MORTUORUM.
1164 147 1228 214 257

116 323 223 384 sunto
245 319 462 400 formandique
482 323 515 383 vi
536 322 682 401 praedito
702 325 750 384 tot
769 326 803 384 et
821 325 976 386 moturum
992 323 1134 403 reposita
1154 340 1228 386 esse

117 432 302 495 facultatum
323 432 376 493 vet
400 449 481 510 quae
508 433 601 493 istinc
621 433 713 493 simul
740 435 913 513 adsurgunt
934 437 967 495 et
990 434 1227 513 compinguntur

116 544 243 606 molium
271 541 467 618 discrimina,
495 544 610 605 ossium
636 544 759 621 iuquam
788 546 822 604 st
841 560 1008 605 nervorum
1032 546 1065 603 et
1094 545 1226 606 cartila-

116 655 240 734 ginum,
274 653 403 731 insuper
425 654 458 712 et
490 654 699 715 musculorum
727 659 760 715 et
787 655 925 715 earnium
954 657 988 715 et
1008 654 1166 714 viseerum
1192 656 1225 713 et

118 768 314 826 caeterarum
337 763 481 841 corporis
501 765 661 842 partiumi
687 763 797 842 Neque
818 745 899 825 euim
923 765 954 824 in
974 763 1108 826 humidis
1124 763 1228 825 adluuo

119 872 289 936 seminibus
312 872 424 934 horum
445 873 610 950 quidquam
628 875 730 935 videri
750 877 872 952 potest,
890 891 991 951 neque
1006 875 1037 935 in
1054 874 1234 937 infantibus·

119 986 287 1064 quidquam
310 1000 416 1044 eorum
447 988 580 1061 apparet
604 1001 683 1061 quae
712 984 965 1046 adolescentibus
992 984 1227 1063 superventum,

121 1097 176 1158 aut
198 1096 229 1155 in
251 1074 495 1155 adolescentium
520 1096 626 1154 aetate
656 1111 693 1154 ea
724 1110 804 1170 quae
833 1097 905 1156 sunt
929 1096 1085 1172 virorum,
1113 1096 1168 1155 eut
1195 1093 1226 1152 io
1324 1157 1327 1163 ,

119 1206 200 1266 viris
221 1221 260 1264 ea
289 1206 465 1283 quaesunt
496 1220 603 1264 senum
630 1209 794 1283 apparent.
838 1205 986 1275 Quamvis
1013 1221 1090 1266 vero
1118 1220 1227 1273 eorum

120 1332 201 1393 quae
224 1315 357 1376 diximus
378 1314 528 1391 quaedam
554 1314 641 1375 nullo
662 1330 795 1391 prorsus
818 1316 909 1376 modo
931 1333 968 1376 ac
989 1316 1142 1392 quaedam
1165 1314 1225 1375 oh·

120 1442 213 1487 souro
235 1423 405 1484 naturalem
435 1424 548 1483 seriem
577 1426 610 1483 et
634 1424 892 1502 supervenientes
917 1423 1073 1485 hominum
1094 1426 1226 1508 naturae

120 1535 307 1596 mutationes
323 1533 510 1611 exhibeant,
541 1534 643 1594 sciunt
660 1535 761 1593 tamen
785 1535 968 1611 quicumque
987 1551 1066 1613 prae
1089 1531 1227 1611 nequitia

120 1647 176 1707 aut
196 1643 325 1724 pigritia
350 1643 380 1703 in
404 1643 454 1702 luis
476 1643 572 1704 rebus
595 1644 800 1704 diiudicandis
821 1659 883 1703 non
903 1644 1095 1721 caecutiunt,
1124 1643 1226 1723 primo
1272 1709 1275 1712 ,

121 1755 241 1817 semina
270 1753 448 1832 spargenda
476 1769 566 1831 esse,
599 1753 712 1813 deinde
735 1752 785 1812 his
808 1770 868 1830 per
888 1753 1010 1831 singula
1036 1751 1172 1813 membra
1193 1753 1226 1811 et

121 1968 434 2038 pecuniapeciunia·
452 1973 658 2041 semine(‚,wei·
692 1973 884 2045 suppeditetur,
912 1970 955 2024 ubi
978 1988 997 2021 u
1027 1985 1105 2038 supra
1135 1970 1248 2022 tineam.

121 2057 194 2109 ehem
212 2054 348 2121 Sermeu,“
368 2057 475 2125 interpr.
495 2057 596 2127 Cemp.)
615 2074 658 2111 ac·
692 2059 861 2128 preepositum
882 2061 930 2123 est,
948 2051 1130 2125 cidsustniesp
1144 2057 1172 2107 ut
1186 2053 1225 2106 le·

121 2142 227 2211 cipiunt.
262 2139 338 2194 Solos
365 2141 450 2195 Valles
477 2143 522 2208 „io
540 2143 657 2201 similium
691 2149 804 2209 geretur,
821 2143 848 2195 ln.
865 2157 888 2196 e.
906 2144 1023 2194 nondum
1036 2141 1153 2209 [minoto
1171 2140 1226 2193 sive

122 2227 232 2296 partium
252 2229 279 2278 et
297 2223 396 2296 dipticis
422 2227 561 2280 seemine.“
595 2229 657 2280 Rei-
692 2229 779 2278 adhoc
806 2227 926 2296 informi.
962 2228 1095 2280 Caeterum
1113 2226 1144 2280 de
1163 2241 1225 2279 seu·

122 2326 197 2365 uem:
225 2311 307 2379 „deos
324 2327 354 2365 ce
374 2327 461 2378 μενων
483 2314 505 2365 si
524 2312 612 2380 simple
631 2314 655 2363 et
690 2312 768 2364 tentia
794 2313 824 2364 ci.
850 2312 940 2364 lustin.
964 2312 1041 2365 ilart.
1066 2312 1142 2380 upon
1162 2311 1185 2363 l.
1202 2326 1225 2363 c.

122 2399 145 2450 si
169 2397 305 2465 uniforme
327 2412 359 2450 en
379 2399 548 2465 appereuee.“
583 2391 657 2449 Διά·
691 2397 724 2449 10
743 2397 824 2449 etlie
841 2411 938 2450 resurr.
958 2412 979 2450 o.
996 2397 1114 2465 iiiique
1134 2396 1224 2465 (dorp.
1314 2466 1316 2473 .

122 2485 260 2547 niuster,
284 2483 350 2551 quod
374 2485 488 2552 nuspiam
507 2484 564 2534 elidi
581 2497 657 2550 repe·
692 2482 776 2551 Apoll.
801 2482 855 2534 Vol.
872 2483 895 2550 l)
923 2498 949 2552 p.
969 2482 1012 2537 50.
1032 2497 1058 2536 n.
1077 2483 1092 2535 1
1114 2485 1141 2548 et
1158 2481 1225 2550 (Vol.

124 2569 205 2636 nitur,
232 2568 382 2621 admonente
408 2569 498 2637 steph.
528 2567 657 2621 Thesauro
691 2568 743 2635 lli)
761 2584 787 2638 p.
805 2566 865 2621 223.
887 2583 911 2620 n.
931 2568 964 2621 15
982 2568 1124 2622 observate.

124 2670 163 2722 gr.
194 2654 256 2720 ling.
281 2652 336 2719 (ed.
363 2654 392 2706 C.
416 2653 446 2706 B.
477 2653 558 2721 llase)
590 2668 612 2705 e.
634 2668 658 2704 v.
760 2654 785 2708 4.
804 2650 960 2721 δννὰμνον]
995 2654 1054 2708 eat.
1074 2649 1227 2723 δυνάμεως.

125 2740 210 2808 „idem
234 2738 335 2791 videtur
357 2737 478 2792 deuotus
500 2739 567 2808 q'uod
592 2739 657 2793 dau·
692 2740 752 2793 ilos
771 2739 836 2793 idem
859 2745 887 2794 et
902 2740 984 2795 Nenn.
1011 2736 1227 2808 συνισταμένων.

123 2819 291 2890 ulcerosos,
313 2823 456 2893 effinqsods'
472 2824 659 2893 [onnoodtque
760 2825 786 2879 ὃ.
804 2822 942 2894 χόνδρων]
961 2827 1021 2879 est.
1035 2822 1227 2895 zodprevfflor-

124 2912 153 2964 oi
174 2910 347 2979 praeditus.“
383 2909 430 2961 Vei
451 2908 585 2977 legendum
611 2924 659 2981 po·
693 2910 767 2964 tioule
786 2910 834 2965 sul
848 2917 906 2964 unte
919 2912 1037 2979 parisio
1052 2911 1143 2965 Pend.
1158 2911 1227 2964 Clar.

125 2996 177 3048 tius
196 2998 237 3048 est
256 2995 456 3066 dsuntoosssqi,
473 2997 507 3048 ita
525 2999 554 3048 ut
571 2995 659 3048 menda
693 2995 718 3049 2.
736 2997 797 3050 Act.
818 2997 896 3050 ebert.
915 2997 998 3049 Velle:
1016 2999 1141 3064 itemque.

126 3081 160 3135 sit
190 3096 224 3135 ex
257 3081 405 3153 compendio
439 3082 580 3151 scripturae
609 3096 660 3135 nou
761 3079 786 3133 6.
810 3079 1019 3150 ἐπιγινομένων]
1052 3082 1138 3133 Veniat
1159 3080 1228 3133 enim

126 3166 316 3236 animadverso;
333 3168 381 3220 huc
399 3166 497 3236 quidem
516 3167 577 3219 illud
595 3167 659 3221 dsu—
695 3183 750 3220 cum
768 3170 850 3221 aetate
873 3167 982 3220 hominis
1000 3169 1096 3219 sutura
1113 3171 1139 3218 et
1157 3168 1227 3218 totus

127 3254 240 3325 uiuosqi
270 3253 308 3320 (e.
337 3253 475 3320 circumit.)
505 3253 532 3305 in
557 3253 661 3320 scholio,
696 3252 758 3306 adso
776 3252 1011 3322 corporishebitus.
1049 3249 1228 3319 Reeienderp.

129 3343 201 3393 anua
220 3354 246 3391 n.
264 3339 384 3405 taliata,
412 3340 513 3393 obvium
542 3337 662 3393 inclinare
696 3366 730 3377 —
747 3338 816 3392 (iler-
831 3338 849 3392 2
862 3334 1072 3407 ἐπιγενομένων,
1088 3337 1148 3391 Aet.
1164 3332 1228 3389 ins·

127 3424 235 3478 ridetur.
269 3424 405 3478 Formaodi
428 3427 453 3479 vi
476 3440 563 3478 semen
588 3439 662 3492 pree·
695 3422 862 3492 γινομένοις.

128 3508 206 3562 ditum
242 3512 297 3562 est:
330 3511 409 3579 ipsam
436 3511 528 3580 quippe
554 3510 662 3563 hominis
763 3511 788 3563 7.
806 3504 880 3575 deos]
897 3510 954 3563 Pur.
972 3509 988 3561 3
1004 3513 1032 3562 et
1045 3507 1112 3561 clar.
1127 3505 1154 3574 2,
1168 3509 1230 3562 item

128 3595 249 3663 termam,
278 3600 307 3648 ut
336 3596 401 3648 intre
434 3593 541 3661 dieitur,
574 3611 662 3650 semen
696 3595 796 3651 llorell.
816 3600 843 3650 et
867 3597 931 3649 Duo.
955 3586 1031 3649 ὅσον.
1072 3594 1155 3662 Supra
1181 3607 1229 3664 pro

128 3677 345 3750 ῥῃηοαμμένην
368 3668 581 3749 (',‚eingepriqt“)
610 3697 662 3735 ooo
696 3680 762 3750 vulg.
781 3677 846 3736 οὔθ’
872 3674 943 3744 ὅλος
960 3680 1150 3749 exspectaveris
1167 3672 1229 3733 os'd

128 3767 220 3831 lebet,
244 3767 270 3820 u.
293 3783 316 3822 e.
340 3767 429 3835 nequit
452 3769 506 3835 ipse
530 3767 610 3820 torma
636 3769 662 3821 in
698 3759 779 3829 itone:
806 3768 896 3821 lustin.
923 3767 999 3820 liert.
1022 3766 1088 3819 Diei.
1107 3782 1129 3820 o.
1145 3766 1190 3820 Tr.
1205 3780 1229 3818 e.

130 3854 226 3906 semiue
252 3853 331 3905 oeulis
355 3853 483 3921 conspici,
508 3855 620 3921 quamvis
637 3856 663 3907 in
696 3851 738 3906 47.
757 3854 850 3923 n.12;
876 3853 939 3908 adde
957 3853 1095 3908 Ps-lost.
1115 3851 1230 3918 Quaestt.

132 3951 161 3991 eo
178 3939 270 4003 lateat,
288 3933 348 3992 uti
371 3939 428 3992 sois
445 3939 664 4008 posnanienses·
699 3937 805 3993 cenent.
829 3940 861 3993 ed
878 3940 954 3995 (ient.
974 3939 995 3992 1.
1012 3939 1106 3994 Ceut.
1124 3953 1147 3993 c.
1161 3937 1187 3991 ³.
1204 3952 1230 4005 p.

130 4021 223 4093 μένων
251 4019 347 4090 stopie
380 4023 463 4079 docet.
505 4026 561 4079 alu
585 4041 665 4095 seque
699 4022 749 4078 164
766 4026 797 4078 B.
811 4026 880 4081 Alibi
898 4027 1074 4095 Athenagoras
1091 4022 1152 4077 dicit
1167 4016 1231 4091 μηδ’

131 4109 197 4165 haud
212 4110 394 4165 contemnenda
410 4110 552 4166 emendatio
565 4114 592 4166 tu
602 4114 665 4181 Arg.
701 4102 781 4179 ὅλως,
803 4117 833 4167 ut
849 4128 886 4168 cc.
901 4112 928 4168 i.
949 4111 993 4167 21.
1016 4109 1105 4180 Suppi.
1119 4122 1156 4163 ce.
1166 4107 1190 4162 1.
1205 4105 1231 4159 4.

167 4201 246 4274 dorp.
266 4201 360 4273 Apoll*
374 4202 428 4256 vot.
447 4203 504 4258 Vll
991 4207 1031 4270 1¹1
