2708 4666
251 198 516 263 sorrucemo
538 200 619 261 PRO
640 198 903 263 omissum.
1070 196 1114 263 oo

100 388 179 449 uuus
201 372 262 449 ipsi
285 376 460 449 agnoscunt
480 373 709 451 adsciscamus,
734 371 819 431 inter
837 386 874 432 se
894 371 936 431 de
956 371 1018 432 diis
1040 387 1117 431 con·

100 486 152 542 mt.
196 481 260 542 Sed
288 483 500 541 Athenienses
528 481 657 541 i'cleum
676 484 710 539 ct
730 479 913 541 lietaniram
938 481 1016 541 duos
1048 486 1118 540 sta-

100 594 143 664 nt,
164 589 405 651 Lacedaemonii
421 591 614 665 Menelaum,
635 591 728 665 eique
748 590 904 650 sacrificia
925 592 959 650 ot
979 590 1048 649 dies
1069 590 1117 649 io-

100 706 271 777 peragunt,
293 700 442 773 ilienses,
461 717 553 774 quum
573 699 666 758 huius
681 714 792 757 nomeu
815 698 944 758 audiant
959 699 1119 775 perinviti,

100 826 174 869 irem
198 811 378 886 celebrant,
407 804 462 868 Cei
484 809 680 888 Aristaeum,
709 823 800 881 quem
824 807 965 866 cumdem
985 823 1059 867 esso
1079 824 1119 869 ιο

100 936 114 977 r
136 923 170 977 et
190 918 368 994 Apollinem
390 921 518 994 putant,
538 916 645 974 'lliusii
666 915 873 993 Theogenem,
898 933 915 974 a
940 932 1000 991 quo
1023 917 1118 977 etiam

100 1046 123 1087 is
143 1028 174 1086 in
196 1027 362 1103 olympicis
380 1027 462 1085 iacta
483 1030 543 1099 est,
565 1024 661 1083 Samii
677 1023 874 1100 Lysandrum
889 1033 963 1100 pust
977 1028 1025 1084 tot
1041 1042 1117 1085 cae·

100 1144 123 1197 n
142 1140 191 1196 tot
212 1137 294 1195 mala
316 1138 523 1212 perpetrata,
545 1135 676 1193 Alcman
700 1132 901 1205 etlicsiodus
923 1134 1065 1193 hicdeauu
1084 1140 1118 1194 et

101 1350 214 1405 aditores
248 1354 329 1405 textui
372 1355 546 1415 inseruerunt,
581 1352 617 1419 gii
632 1352 717 1405 lccnm
731 1351 841 1420 pugilem
855 1353 1020 1421 Epidaurium
1036 1355 1116 1424 olym·

100 1438 342 1503 ritecheubergium
359 1433 547 1505 quidprotuia
582 1439 654 1504 piade
680 1441 824 1505 interemit,
852 1440 920 1492 undu
938 1447 965 1494 el
983 1443 1117 1496 mulctatus

100 1522 231 1575 sehabet.
261 1523 300 1574 lle
319 1525 366 1575 hoc
387 1525 546 1578 Aristaeo
580 1526 630 1574 est.
666 1521 718 1575 Sed
743 1527 826 1576 tamen
852 1530 909 1593 posi
934 1534 1041 1581 mortem
1060 1533 1117 1581 iao·

100 1644 109 1669 ,
137 1607 263 1673 Apollinis
291 1613 316 1658 et
342 1609 456 1674 Cyrches
485 1608 545 1675 filio,
580 1606 637 1658 dem
657 1608 783 1675 Apollinis
807 1610 910 1661 decretu
934 1612 961 1662 ln
986 1628 1117 1665 nirmerum

101 1692 215 1758 iuppiter
224 1693 366 1756 Aristaeus,
384 1695 445 1744 item
455 1694 545 1760 hputio
580 1692 685 1743 deorum
707 1693 803 1743 relatus
821 1698 869 1753 est,
889 1699 917 1747 ut
936 1696 1073 1747 Pausanias
1093 1703 1120 1748 ct

101 1776 232 1837 sdicitur,
251 1776 436 1844 adeas'Heyne
450 1780 545 1831 sdl'ir·
581 1777 708 1829 Eusebius
728 1777 768 1845 [ii.
787 1778 837 1846 cc]
852 1784 1000 1831 asserunt.“
1034 1782 1119 1833 diora-

100 1875 170 1926 eerg.
190 1861 210 1916 i.
229 1861 270 1913 14.
301 1863 352 1913 iam
372 1861 438 1930 quod
456 1867 546 1915 atiinct
582 1878 629 1913 nus
649 1863 687 1919 (in
707 1862 805 1926 Add.):
832 1865 886 1928 „ht
905 1881 933 1916 ea
954 1865 1054 1916 ridetur
1072 1880 1119 1917 en·

123 1949 181 2011 2ior
206 1944 320 2015 (Chii),
356 1948 546 1999 rescribendum
580 1949 679 1999 stitisse
698 1946 822 1999 eiusmodi
839 1964 924 2000 rerum
941 1950 1119 2015 Athenagorae

112 2034 268 2083 censuerunt
298 2034 378 2084 lisina
405 2034 546 2084 Eoriiartus
582 2032 671 2097 peritia
690 2036 718 2084 ut
737 2033 761 2082 ei
781 2033 842 2083 baec
867 2034 931 2084 iacta
954 2038 1120 2099 asseveranti,

101 2116 173 2183 raph.
192 2130 258 2167 sacr.
274 2132 298 2183 p.
309 2116 374 2183 llo)
393 2122 419 2168 et
437 2118 546 2169 Hostius
581 2131 644 2182 quae
669 2115 711 2167 eiii
736 2117 876 2182 scriptores
904 2132 954 2168 nou
978 2124 1121 2171 memorant

100 2204 170 2253 insir-
188 2216 277 2265 evang.
294 2201 336 2252 lx.
353 2217 375 2252 c.
394 2201 451 2252 mu.
469 2200 547 2267 mii),
583 2216 629 2252 nec
656 2205 765 2265 negant,
793 2199 855 2251 fides
872 2216 923 2253 nun
942 2205 976 2254 sit
993 2204 1120 2269 derogau·

110 2284 260 2351 Cycladibus
284 2302 372 2351 magna
392 2286 504 2336 siccitate
522 2291 548 2338 et
582 2285 643 2336 da.“
686 2284 845 2337 Lindnerus:
877 2286 1019 2350 „Fortasse
1047 2294 1120 2341 uler-

100 2370 217 2433 aldiciis,
245 2371 321 2422 Ceam
347 2371 484 2422 arcessitus
504 2371 546 2421 Si·
582 2384 641 2437 que,
660 2369 810 2434 Theogenes
828 2374 855 2421 et
872 2372 1037 2439 cleomedes,
1055 2388 1120 2439 quiae

100 2454 198 2521 placare
219 2457 379 2507 monstrauit.
417 2456 456 2507 Gi.
477 2455 547 2521 virg.
582 2459 622 2506 est
639 2456 766 2505 sententia
790 2454 992 2524 Reclreubergii,
1015 2461 1118 2509 caedem

100 2538 271 2591 discussic.
294 2540 335 2591 ili.
356 2555 381 2607 p.
399 2540 458 2591 tsi.
495 2539 547 2591 Sed
583 2538 721 2606 patrarit.“
743 2538 851 2592 Codices
864 2555 914 2591 non
928 2541 1021 2593 hahent
1035 2539 1119 2610 citop-

100 2626 217 2675 notarunt
237 2625 349 2677 editores
367 2626 439 2676 istam
459 2625 548 2677 iectio—
583 2622 681 2675 aiacis
696 2624 860 2690 (properus.)
871 2641 903 2672 =
915 2625 1056 2692 Olympiae,
1074 2628 1120 2679 sed

100 2710 161 2761 Kios
186 2710 316 2760 vitiosam:
343 2726 448 2776 quacum
472 2713 547 2761 ctiam
583 2712 731 2760 constanter
758 2702 930 2775 ὀλυμπιάσιν
952 2727 985 2759 =
1010 2712 1035 2762 iu
1054 2711 1121 2765 ludis

100 2794 168 2845 rdeoa
182 2792 230 2846 scii
246 2792 384 2845 tollendum
401 2798 463 2845 ecel.
483 2795 548 2845 Cac-
583 2792 724 2859 olympicis.

118 2893 167 2946 pru
191 2874 311 2931 Ἀπόλλω
337 2880 401 2945 Arg.
428 2883 454 2931 et
478 2879 548 2931 lton.
653 2876 678 2930 9.
698 2874 992 2946 ΣάμιοιΛύσανδρον]
1014 2880 1120 2933 Gratum

100 2965 105 3013 i
124 2962 188 3029 (sic)
208 2964 337 3014 eaiuibent.
583 2963 693 3014 animum
717 2963 835 3014 videniur
852 2962 936 3015 'Samii
963 2966 1009 3015 hac
1033 2962 1121 3016 adnle-

100 3087 109 3102 .
128 3045 281 3116 Θεαγένην]
300 3048 427 3100 Lucienus
444 3048 468 3098 in
480 3046 549 3097 Deo·
584 3047 653 3097 lione
671 3044 816 3112 significare
834 3046 946 3097 uoluisse
964 3048 994 3097 ub
1014 3032 1121 3099 restitu'-

100 3133 201 3185 icnciiio
225 3134 375 3185 Thasiorum
400 3131 548 3200 simplicite·
585 3134 634 3182 tum
652 3145 667 3181 a
684 3131 815 3196 Lysandro
834 3144 923 3181 eorum
942 3131 1120 3196 rempublicam

100 3216 164 3283 idei,
185 3219 228 3284 qui
246 3208 354 3269 statuam
374 3217 448 3267 huius
467 3216 549 3267 athie-
585 3216 677 3285 eiectis
704 3213 921 3276 Atheniensibus,
953 3217 981 3264 ut
1011 3218 1122 3267 mstatm

100 3303 186 3355 bribus
204 3301 298 3353 mederi
317 3303 446 3373 potabpnt.
482 3299 549 3351 Pau·
584 3298 738 3350 Plutarchus
757 3299 783 3349 iu
803 3297 929 3363 Lysandri
954 3298 1015 3349 vila.
1052 3299 1122 3357 idem

110 3387 138 3438 iu
151 3386 245 3438 Elimia
265 3385 342 3437 tradit
360 3387 424 3436 lianc
443 3389 549 3436 statum
584 3380 695 3449 scriptor
711 3385 767 3433 vivo
779 3381 911 3448 Lysandro
929 3395 986 3434 aras
1000 3383 1026 3436 in
1037 3382 1122 3436 Grae-

100 3486 150 3525 ssuu
168 3468 300 3538 quomdam
319 3471 489 3539 oppressisse.
512 3470 550 3521 ci.
585 3469 623 3520 cia
641 3471 740 3519 erectas
758 3482 786 3519 ac
805 3466 920 3519 uictimas
938 3473 1027 3520 narrat
1051 3469 1122 3521 ubis·

100 3550 109 3611 ζ
134 3556 229 3621 Praep.
254 3571 295 3606 ev.
322 3555 350 3606 V.
371 3554 398 3619 §.
417 3553 460 3605 ol.
495 3554 550 3605 ou-
586 3557 624 3604 las
637 3554 725 3604 inisse.
748 3550 873 3618 Lysandri
886 3551 1032 3620 mudelitas,
1047 3568 1122 3620 quam

100 3662 102 3685 ι
120 3640 181 3705 „ita
200 3638 300 3691 ridetur
315 3648 341 3690 et
358 3641 428 3689 sium
443 3642 469 3689 et
482 3654 550 3689 mur·
586 3642 657 3688 nutat
668 3636 857 3700 Athenagoras,
874 3636 1011 3703 praecipue
1029 3639 1123 3691 euiluit

100 3723 221 3777 homicida
248 3725 355 3776 luisse.“
400 3723 479 3774 Sudr.
500 3722 550 3774 Pe·
586 3723 611 3773 in
648 3719 791 3772 occidendis
825 3721 980 3785 octingentis
1007 3723 1123 3789 llilasiis,

103 3808 162 3875 „lie
171 3809 310 3860 homicidio
328 3822 375 3876 per
391 3808 550 3871 Tineagcnem
587 3820 650 3872 quos
674 3804 836 3855 iurisiurandi
861 3805 984 3870 religiono
1003 3805 1124 3874 deceptos

100 3908 133 3944 sm
151 3896 251 3957 patrato
271 3893 332 3944 nihil
350 3893 487 3957 comperio.
509 3891 551 3943 iii-
585 3891 676 3957 partim
695 3889 721 3940 in
740 3888 802 3940 urhe
821 3890 962 3941 retinuerat
985 3891 1078 3959 partim
1097 3893 1123 3943 in

112 3978 291 4042 Athenagoras
317 3979 437 4028 memoria
465 3975 552 4043 lapsus
586 3973 674 4025 urbem
694 3979 835 4026 recusarat.
853 3973 993 4026 Morunda.
1012 4002 1046 4012 —
1070 3973 1123 4026 Pru

100 4061 158 4113 edis
169 4061 263 4112 iactum
274 4062 402 4126 Theagcni
415 4061 551 4127 applicare.
586 4056 632 4112 tet
650 4056 727 4111 Budl.
748 4058 773 4108 1.
791 4056 809 4109 2
826 4061 853 4107 at
872 4056 932 4109 sen
951 4055 1001 4110 ἔτι.

100 4143 166 4197 redes
185 4145 252 4197 enim
271 4145 478 4212 Astypalaeeasis
502 4159 551 4213 pu·
655 4139 698 4194 ld.
714 4133 880 4210 meapte...
891 4138 1013 4207 liticare]
1033 4138 1122 4192 ore·-
