2708 4666
453 199 604 261 ORATIO
625 200 682 262 Al)
706 200 903 263 GRAECOS.
1194 201 1237 269 98

123 372 210 433 nobis
232 371 408 433 eonvieinm
432 369 538 431 laeitis
561 369 689 435 snbuhs
712 375 839 435 vestras
861 372 1005 435 oonlerte
1026 392 1096 439 eum
1114 378 1236 441 nusum

120 481 362 543 narrationibus.
406 480 592 559 Deiphobus
621 485 701 562 erat,
722 485 757 545 ut
778 482 902 563 ierunt,
937 485 1080 547 Minerva
1100 490 1236 566 propter

118 591 302 668 duetorem,
320 593 361 653 et
381 591 412 649 in
436 593 571 668 gratiam
591 590 719 652 Admeti
743 592 865 672 Apollo
887 596 1031 657 intonsus
1061 598 1236 674 flexipedes

117 704 218 765 hoves
243 701 418 779 pressabat,
461 703 494 760 et
522 717 601 762 anus
630 703 717 761 venit
747 705 790 764 ad
822 703 976 765 semelem
1003 704 1089 766 lovis
1113 708 1236 767 ooniux.

118 812 174 883 oni
206 811 288 872 talia
317 796 463 871 excolitis
487 811 643 888 quomodo
665 827 723 872 nos
743 813 910 874 irridetist
956 813 1050 874 'Obiit
1077 815 1237 876 Aescula-

116 923 333 1003 piusyeater,
353 922 461 998 etqui
482 921 706 998 quinquaginta
729 924 871 1000 virgines
894 940 955 984 uua
978 928 1071 986 noete
1088 926 1237 1004 Thespiis

117 1033 263 1108 dolavit,
285 1048 378 1107 quum
398 1042 434 1091 se
454 1032 564 1092 voraoi
586 1032 728 1092 dammae
749 1033 946 1111 tradidisset,
977 1035 1074 1095 vitam
1095 1035 1235 1110 reliquit.

118 1140 329 1204 Prometheus
352 1138 493 1203 Caucaso
515 1139 632 1202 affixus
652 1157 773 1219 poenas
795 1143 836 1202 ob
860 1144 1009 1205 collatum
1033 1146 1066 1204 iu
1092 1145 1236 1206 homines

118 1252 304 1313 tenelieium
332 1252 501 1329 persolvit.
554 1251 698 1328 luppiter
729 1252 854 1312 invidus
885 1256 936 1313 est
969 1255 1141 1316 seeundum
1166 1270 1237 1333 vos,

117 1366 149 1423 et
169 1361 342 1437 abscondit
368 1362 519 1422 somnium
546 1360 723 1421 homiuibus
752 1361 864 1421 voleus
894 1377 950 1421 eos
983 1364 1099 1439 perire.
1150 1364 1237 1435 Qua·

119 1477 253 1552 propter
276 1472 412 1550 propria
434 1474 632 1532 monumenta
651 1471 811 1531 intuentes
830 1470 944 1531 saltem
969 1487 1028 1531 nos
1057 1475 1092 1534 ut
1123 1473 1237 1533 simili·

121 1588 168 1645 ter
200 1583 385 1643 fabulantes
420 1581 608 1658 approbate.
681 1581 730 1642 Ao
769 1597 833 1642 nos¹
859 1582 983 1657 quidem
1019 1597 1082 1641 uon
1113 1581 1237 1660 desipi-

119 1706 195 1770 mus,
213 1694 326 1753 vestre
350 1693 454 1752 nutem
478 1707 585 1751 merae
614 1693 688 1751 sunt
708 1707 819 1768 nugae.
869 1689 904 1751 Si
928 1691 1082 1768 originem
1106 1691 1237 1753 deorum

120 1805 311 1880 memoratis,
342 1802 438 1861 etiam
465 1800 618 1861 mortales
651 1816 707 1861 eos
732 1801 913 1865 declaratis.
965 1799 1028 1863 cur
1052 1802 1134 1863 enim
1155 1818 1237 1863 nuno

120 1913 193 1973 luno
215 1928 278 1971 non
301 1912 483 1988 praegnati
525 1910 633 1970 Utrum
657 1912 836 1989 consenuit,
870 1928 912 1971 an
938 1912 1118 1987 absequi
1143 1912 1237 1975 vobis

122 2023 260 2085 nuntium
281 2022 392 2082 attulit
409 2020 617 2082 destituitur?
661 2018 790 2080 Credite
808 2036 889 2081 nuno
903 2019 988 2099 mihi,
1013 2019 1135 2098 Graeci,
1156 2038 1237 2082 neve

122 2132 247 2194 fabulas
264 2147 346 2191 neve
362 2132 441 2191 deos
461 2133 589 2191 vestros
607 2130 648 2190 ad
660 2129 848 2206 allegoriam
864 2129 993 2190 trahite.
1032 2128 1111 2189 Nam
1131 2131 1159 2190 si
1176 2129 1238 2193 Ιιοο

124 2241 229 2303 faeere
261 2241 408 2317 tentetis,
448 2244 557 2299 vestra
584 2240 678 2298 etiam
713 2256 733 2298 a
762 2238 853 2298 vobis
884 2240 1008 2298 numina
1034 2242 1236 2316 evertuntur3

126 2353 234 2411 etenim
267 2352 295 2410 si
318 2351 402 2409 tales
425 2352 497 2411 sunt
525 2350 610 2427 apud
637 2366 697 2409 vos
728 2349 914 2427 daemones,
948 2350 1059 2426 quales
1084 2350 1237 2428 dicuntur,

127 2463 273 2541 inprobis
298 2461 552 2537 muniuerunt,
583 2461 656 2538 aut,
685 2460 714 2520 ei
745 2457 981 2520 uansseruntur
1013 2460 1055 2520 ad
1084 2462 1238 2540 naturam,

130 2740 264 2810 unsel„
283 2739 367 2793 miuus
396 2739 562 2805 intelligeret,
589 2753 663 2807 quae,
698 2739 787 2806 Legat
811 2751 859 2807 pro
883 2738 978 2793 Christ
1003 2755 1025 2794 c.
1051 2738 1086 2793 18
1108 2743 1135 2793 et
1153 2740 1237 2794 Theo·

132 2829 155 2877 nt
169 2828 289 2879 elsernt
305 2825 431 2891 Syoesius
448 2825 487 2877 lle
505 2826 614 2878 insomn.
636 2838 663 2894 p.
698 2823 782 2893 philus
800 2823 831 2876 ad
848 2823 911 2877 Aut.
929 2825 963 2877 ll.
983 2841 1004 2877 ο.
1024 2826 1049 2878 ὅ.

133 2908 184 2977 tlt,
201 2911 328 2967 lenitum
347 2915 374 2963 et
390 2909 576 2975 Myrmidonum
599 2911 663 2978 plna-
766 2909 791 2962 7.
809 2905 971 2978 yaprp'poems]
993 2908 1055 2964 Aet
1072 2905 1238 2979 γεγήρακαο.

133 2993 221 3063 hegen
245 2997 471 3067 complectebatur,
491 2996 570 3048 stulto
589 2995 662 3050 delu-
696 3024 733 3034 -
757 2995 809 3047 Pro
834 2991 1012 3063 μηνύσαντος
1039 2995 1184 3063 Stephanus
1211 2997 1240 3049 iu

135 3095 171 3135 sus
186 3066 235 3150 est,
260 3084 334 3152 quasi
361 3082 450 3135 urbem
468 3084 549 3151 primo
567 3083 663 3151 inpetu
698 3079 758 3133 edit.
781 3080 866 3149 Epist.
893 3079 925 3134 ad
948 3080 1042 3147 nium.
1067 3095 1092 3147 p.
1117 3078 1168 3132 111
1185 3098 1239 3148 μη-

135 3166 181 3218 s'ue
199 3168 308 3222 Achillis
327 3168 421 3221 auxilio
443 3169 594 3235 capturus.“
697 3161 834 3226 οοόοοτοο
863 3165 972 3218 coniecit
1002 3162 1137 3230 legendum
1172 3179 1240 3217 esse.

191 3254 217 3307 t.
230 3249 587 3321 Διόπερ...ᾰιοδέξαοθε]
598 3254 664 3306 Ter·
698 3250 824 3319 Equidem
841 3264 889 3318 pro
913 3244 1053 3315 duopeirs,
1079 3247 1146 3316 quod
1164 3248 1240 3317 vulgo

138 3331 244 3393 onmis
267 3339 378 3409 Apulum
403 3355 425 3392 ο.
450 3339 498 3392 21:
530 3339 665 3408 „lteeipite
699 3333 1095 3406 comparetexParr.1et2
1120 3327 1239 3404 ἀποροῖ-

138 3419 227 3479 nunu
255 3426 321 3479 liene
348 3425 474 3490 iabuhm3
511 3424 600 3477 similia
625 3427 667 3477 est
699 3441 746 3475 ται
770 3421 893 3490 reposui3
934 3434 997 3489 quae
1030 3420 1131 3490 quidem
1163 3422 1240 3477 leutio

139 3511 246 3563 tutns.“
296 3511 336 3564 cl.
368 3510 485 3563 Semiaeli
518 3509 612 3563 litatio
639 3512 665 3563 d.
699 3522 761 3560 vera
791 3511 848 3574 eat,
884 3511 914 3559 ut
940 3508 1049 3575 patescit
1082 3522 1183 3577 quoque
1207 3524 1241 3563 ex

141 3590 240 3663 liupr.
258 3596 290 3650 P.
309 3596 345 3649 11.
363 3611 390 3664 p.
407 3593 510 3649 lell-
529 3595 582 3649 Pro
593 3593 666 3663 αοὸς
699 3593 870 3663 praecedente
894 3586 1080 3662 μηνύσαντος.

143 3674 196 3732 Fn's.
212 3682 239 3735 iu
256 3696 337 3748 marg.
366 3686 393 3734 et
417 3681 475 3733 Par.
494 3680 512 3734 2
529 3679 577 3742 ele.
613 3682 665 3734 Pro
768 3680 794 3735 8.
818 3672 1166 3750 ppdl...dttppopp'npre]
1200 3681 1240 3736 01.

145 3753 298 3823 &titium
330 3755 475 3831 legendum
492 3760 574 3834 ἡμᾶς.
610 3766 666 3817 ou-
702 3765 816 3820 Semisch
837 3767 855 3820 l.
872 3783 894 3820 ο.
909 3782 935 3836 p.
954 3766 1014 3821 155.

147 3845 290 3921 antipate
303 3854 383 3905 verbo
395 3847 575 3916 ἀποδέξασθε
589 3866 666 3920 pree·
770 3852 795 3905 9.
813 3852 862 3908 καὶ
877 3846 928 3922 ὑφ’
945 3847 1037 3921 ὑμῶν]
1064 3853 1107 3906 Sic
1124 3850 1241 3918 nereio,

147 3932 206 3988 ffitt
701 3938 776 4001 Due,
797 3940 910 4008 llnran;
928 3939 1022 3993 caeteri
1041 3937 1113 3992 editt.
1128 3936 1241 4004 (utAet.

199 4020 222 4074 6.
245 4021 304 4078 Διά
319 4061 347 4075 ..
364 4062 371 4075 .
387 4020 549 4093 ἀπορεῖται]
566 4023 669 4077 Pariter
703 4028 730 4076 et
751 4024 833 4092 Fris.)
859 4024 907 4079 nul
935 4019 986 4091 ὐφ’
1011 4018 1101 4092 ἡμῶν.
1149 4023 1242 4075 Veram

74 4092 78 4121 '
151 4097 245 4163 Gentiles
278 4110 459 4181 perstringunt
489 4110 668 4178 Adieuagorae
704 4110 856 4180 scripturum
875 4111 950 4166 Patr.
967 4108 984 4162 1
1004 4112 1031 4161 et
1046 4108 1065 4162 2
1081 4105 1243 4162 indurent:
