2708 4666
283 153 338 218 DE
353 152 696 232 RESURRECTIONE
719 157 978 222 Moenoenum.
1109 153 1172 224 213

57 326 141 386 enim
162 325 276 403 quibus
310 327 406 387 rebus
436 328 605 404 aliqnando
635 329 772 406 egebant
799 345 952 409 corpore,
989 332 1053 392 tam
1081 349 1171 409 quarn

57 426 239 512 alerentur,
275 436 385 496 iisdem
413 438 505 497 etiam
537 439 610 498 tono
640 439 792 516 temporis
820 440 974 518 egebunt,
1011 458 1071 501 one
1105 459 1173 502 cum

57 546 162 624 illius,
191 547 246 622 qui
265 546 428 624 alebatur,
461 547 631 626 indigentia
661 551 694 608 et
723 551 926 626 corruptione
952 550 1046 610 etiam
1064 565 1173 612 eorum

57 672 98 715 ex
119 655 234 732 quibas
252 655 399 717 alebatur
421 674 479 716 usu
498 658 635 718 sublato.
678 657 742 717 lem
767 659 795 718 si
815 660 884 733 quis
901 662 999 735 ponat
1016 660 1173 720 inductam

57 781 98 824 ex
133 765 287 824 eiusmodi
313 766 462 831 alimento
484 766 728 829 immutationem
750 770 838 827 certe
866 768 906 827 ad
925 783 1049 827 carnem
1074 785 1174 844 esque

57 874 243 951 peruenire,
264 890 304 933 nc
327 876 372 933 sic
393 876 517 950 quidem
540 892 672 935 necesse
697 876 794 935 tuerit
807 880 954 937 mutatam
971 879 1117 960 recenter
1133 895 1173 937 ex

57 985 211 1045 eiusmodi
227 985 375 1044 alimento
391 1000 525 1061 carnem,
549 986 576 1043 si
592 984 723 1044 alterius
740 984 873 1045 bominis
888 987 1014 1063 corpori
1033 986 1173 1062 accedet,

57 1111 170 1154 rursus
194 1095 226 1152 in
247 1094 351 1170 pertis
377 1092 448 1152 loco
471 1093 512 1152 ad
531 1094 598 1153 eius
621 1095 880 1172 complementum
899 1096 1031 1173 censeri,
1054 1096 1172 1173 quippe
1242 1127 1244 1129 >

57 1220 151 1280 quum
182 1219 284 1279 neque
306 1204 375 1280 ipsa
400 1218 492 1279 cero,
515 1218 595 1277 quac
614 1202 779 1280 adsciscit,
800 1219 868 1263 cam
894 1221 1020 1282 semper
1035 1206 1173 1269 retineat

56 1332 150 1394 quem
174 1312 326 1391 edscirit,
355 1328 456 1387 neque
478 1327 533 1388 ea,
567 1328 647 1387 queo
672 1313 792 1372 adscita
817 1315 884 1389 est,
921 1314 965 1374 ibi
991 1317 1173 1376 constanter

55 1427 324 1504 permaneatque
350 1422 501 1498 accessit,
531 1421 591 1481 scd
616 1422 743 1480 multam
768 1419 798 1482 in
822 1423 948 1483 diverse
970 1425 1171 1484 mutationem

55 1535 211 1611 accipiat,
233 1549 313 1592 nunc
338 1530 502 1590 doloribus
527 1530 580 1590 vel
604 1532 687 1590 caris
713 1532 883 1609 dissipate,
906 1550 986 1593 nanc
1014 1536 1171 1594 moerori-

54 1645 115 1706 bus
144 1644 197 1703 vel
220 1642 383 1701 laboribus
405 1640 458 1700 vel
486 1639 621 1717 morbis,
653 1641 685 1699 et
708 1641 828 1700 exortis
853 1657 894 1700 cx
924 1644 1015 1701 aestu
1035 1646 1090 1703 eut
1111 1643 1172 1730 iri·
1277 1708 1288 1722 ,

54 1771 136 1835 gore
166 1749 362 1829 intemperiis
391 1749 568 1825 tabefacta,
604 1749 803 1826 humoribus,
836 1751 888 1826 qui
916 1767 983 1811 oum
1013 1769 1108 1811 cerno
1139 1757 1172 1811 et

55 1867 152 1944 adipe
180 1863 395 1937 immutentur,
431 1875 492 1919 non
514 1860 740 1936 accipientibus
766 1860 945 1919 alimentum
976 1860 1010 1920 ot
1031 1860 1065 1919 id
1087 1863 1171 1937 qued

54 1978 130 2037 aaut
159 1971 372 2051 permaneant
418 1968 515 2036 Quum
544 1970 646 2026 autom
679 1969 755 2027 talia
781 1986 856 2030 caro
891 1970 1048 2046 patiatur,
1083 1975 1170 2030 certe

54 2085 155 2147 multo
177 2082 277 2159 magis
299 2079 377 2139 baec
396 2077 463 2155 peti
488 2076 632 2154 reperias
657 2078 805 2136 nutritam
828 2094 869 2136 ex
889 2078 967 2137 cibis
988 2077 1073 2138 baud
1093 2095 1170 2139 con-

54 2193 242 2274 gruentibus
270 2205 411 2264 carnem,
440 2203 521 2247 nunc
545 2188 776 2263 turgescentem
793 2190 826 2245 et
847 2187 1103 2263 pinguescentem
1129 2206 1170 2248 ex

54 2311 95 2369 iis
121 2320 201 2382 quae
227 2300 366 2376 eccepit,
394 2295 507 2356 deinde
537 2311 648 2355 rursus
677 2294 874 2354 abiicieotem
904 2296 1047 2371 quolibet
1074 2299 1169 2358 modo

56 2403 90 2479 et
118 2413 307 2475 imminutam
330 2424 371 2467 ex
399 2422 562 2467 causarum
593 2420 671 2480 quas
700 2403 788 2480 prius
818 2404 951 2466 diximus
978 2423 1038 2466 one
1064 2406 1168 2483 aliqua

57 2657 132 2724 (det.
163 2649 364 2720 apertionem
399 2645 460 2700 editi
484 2645 596 2712 apocri·
632 2645 757 2699 Nunnium
784 2646 880 2714 secuti,
905 2642 982 2713 μόνα
1006 2647 1038 2700 dc
1066 2662 1171 2701 carne
1210 2613 1222 2642 ⁸
1267 2644 1274 2652 ’

56 2746 136 2810 awa.
631 2730 795 2800 inicrpreteii
827 2736 902 2798 sunt,
935 2732 970 2785 ita
997 2731 1113 2801 quidem,
1143 2737 1173 2785 ut

576 2848 582 2867 .
631 2816 709 2868 rerba
731 2813 783 2883 τήν
806 2809 832 2869 ὖ.
857 2835 881 2868 τ.
907 2835 939 2884 φ.
966 2814 1094 2886 ἐξιιλιγμ.
1113 2822 1170 2872 κτλ.

125 2859 168 2912 18.
186 2820 367 2926 praeoptans]
393 2855 452 2907 det.
469 2868 596 2918 κειονμε-
713 2901 740 2914 ..
779 2905 785 2918 ‚
964 2904 969 2917 ,

57 2964 118 3014 m
154 2943 220 2997 ΟΜ
245 2938 417 3014 pumen„
434 2943 500 3007 μή
524 2932 596 2990 ἀπο·
630 2905 798 2970 appositionis
816 2900 898 2955 locum
918 2903 1080 2957 cbirncrcote
1107 2919 1171 2972 „so.

57 3026 206 3085 mmm
240 3027 392 3094 ommim
424 3023 544 3092 ,apphus
576 3015 595 3075 ἃ
629 2985 676 3037 iarn
696 2992 780 3037 autern
796 3001 1172 3056 manereeamcernem,quae

57 3115 261 3183 '⁰⁰⁶‘12W'72
284 3110 357 3166 ὥθ’
379 3112 520 3163 ‘mmm'
554 3106 595 3160 ΕΚ
629 3155 720 3219 habet,
746 3155 906 3208 nimirum
927 3170 991 3223 quae
1017 3156 1171 3209 eieciasita

57 3201 177 3264 πλείοσί,
196 3198 264 3268 (1⁰⁰⁶
279 3210 338 3250 '¹¹⁰¹
356 3195 459 3263 19ῧίωῆ
478 3191 594 3246 G⁸¹¹⁸¹¹d‘
629 3239 795 3291 netora“etc.
814 3239 1169 3307 mirenovioeeoriercndun

58 3289 126 3355 (com
155 3284 272 3353 exemplo
296 3282 363 3335 bier.
391 3280 500 3345 Veneto)
519 3277 594 3331 niet·
660 3319 666 3335 ,
794 3325 800 3338 ⁶
876 3320 884 3339 ,

58 3388 121 3428 avar
138 3371 210 3425 fecie,
629 3342 733 3392 W'iv·
764 3326 818 3377 sc¹¹·
848 3339 956 3391 capace
973 3341 1048 3394 „eam
1077 3328 1172 3390 autem,

630 3423 693 3477 quae
713 3424 727 3461 a
744 3413 834 3462 nature
852 3410 932 3463 eiecta
947 3415 987 3463 est
999 3414 1026 3463 et
1038 3408 1170 3463 ilsedbac-

127 3489 171 3544 19·
191 3484 277 3555 μόνα]
313 3485 412 3555 Nempe
436 3479 465 3536 ἔκ
485 3479 595 3537 τῡῦῑωθ
628 3494 708 3547 rescit
720 3495 867 3563 quibuscum
887 3495 971 3562 ritem]
981 3499 1089 3549 naturae
1109 3510 1171 3548 coo-

58 3571 289 3644 3²0⁰⁶³st⁷ivi¹t
314 3564 333 3640 ἦ
359 3567 443 3638 θᾶθέι
470 3570 596 3636 10‘15911'07*
630 3583 763 3647 eruentem
782 3580 898 3647 vitaeque
921 3579 1022 3633 labores
1040 3579 1171 3650 adimplet,

57 3667 115 3719 ‘1³⁶
132 3662 266 3727 ΝΜΜ
291 3656 425 3736 mihtin
448 3658 498 3708 ἅθ’·
523 3655 596 3707 ὓἮθ·
631 3663 734 3716 solam
752 3665 779 3718 in
797 3655 922 3732 partibus,
941 3679 1006 3733 quae
1020 3665 1051 3717 ab
1070 3679 1098 3716 ca
1117 3666 1171 3717 col·

58 3753 125 3806 urar
141 3749 188 3802 dee
208 3745 328 3813 Edrpera
343 3738 393 3812 (cd
409 3740 498 3811 μέρη,
516 3758 597 3795 mem·
631 3748 706 3816 ligeri
731 3754 757 3803 et
782 3750 907 3803 contineri
936 3754 963 3802 ct
987 3749 1069 3802 ioreri
1086 3748 1172 3802 solent

57 3835 103 3889 bre
127 3830 262 3901 corperis,
288 3845 311 3882 c.
324 3827 351 3881 2·
377 3843 403 3881 o.
419 3827 461 3881 19.
480 3843 501 3880 c.
520 3827 546 3880 3.
570 3843 596 3879 n.
633 3833 752 3902 [interpr.
771 3835 876 3904 camp:
894 3851 944 3904 „au
962 3833 1042 3888 deren
1060 3834 1172 3888 Verbin-

57 3920 123 3987 14),
154 3917 253 3971 socicbr
288 3919 336 3967 etc.
372 3914 435 3966 com
457 3913 597 3982 participiis
633 3918 718 3986 dung,
743 3919 900 3988 Redepkuog
924 3919 976 3973 und
1000 3919 1172 3985 Erwirmung

630 3069 778 3136 colligendi,
798 3068 984 3138 condemned,
1002 3070 1103 3124 ferendi
1121 3072 1171 3123 rior
1270 3073 1274 3076 ’

59 4002 111 4074 τήν
123 3998 314 4070 ἐξιιλιγμὲνην
328 4002 354 4052 ct
363 4000 597 4066 προσπεφυκυῖαν
634 4018 662 4055 es
680 4020 729 4057 ron
749 4005 831 4060 Netor
855 4007 985 4060 bestimmt
1008 4003 1093 4070 iat“],
1109 4017 1171 4074 pre
1274 4017 1284 4023 ·

59 4083 258 4155 reinecciano
285 4085 425 4140 subaudies.
468 4082 598 4150 Editorrs,
633 4089 764 4143 mencrc.“
789 4091 969 4158 emunctis
985 4084 1035 4157 raia
1052 4078 1107 4142 dut
1122 4087 1172 4155 πῆς
